Date|REVENUE|REVENUEUSD|COR|GP|RND|SGNA|EBIT|EBITUSD|INTEXP|EBT|TAXEXP|NETINC|PREFDIVIS|NETINCCMN|NETINCCMNUSD|NETINCDIS|EPS|EPSUSD|EPSDIL|SHARESWA|SHARESWADIL|DPS|NCFO|DEPAMOR|NCFI|CAPEX|NCFF|NCFDEBT|NCFCOMMON|NCFDIV|NCFX|NCF|ASSETS|ASSETSC|ASSETSNC|CASHNEQ|CASHNEQUSD|RECEIVABLES|INTANGIBLES|INVENTORY|LIABILITIES|LIABILITIESC|LIABILITIESNC|DEBT|DEBTUSD|PAYABLES|EQUITY|EQUITYUSD|RETEARN|ACCOCI|BVPS|CURRENTRATIO|DE|DILUTIONRATIO|EBITDA|EBITDAUSD|FCF|FCFPS|INVCAP|TANGIBLES|TBVPS|WORKINGCAPITAL
2009-03-31|16445000.0|16445000.0|5769000.0|10676000.0|4218000.0|11867000.0|-8265000.0|-8265000.0|0.0|-8265000.0|157000.0|-8422000.0|0.0|-8422000.0|-8422000.0|0.0|-5.13|-5.13|-5.13|1641000.0|1641000.0|0.0|-8002000.0|489000.0|10470000.0|-342000.0|-2808000.0|-800000.0|-2008000.0|0.0|1459000.0|1119000.0|33267000.0|31535000.0|1732000.0|23256000.0|23256000.0|5598000.0|0.0|0.0|15991000.0|11355000.0|4636000.0|5374000.0|5374000.0|3133000.0|17276000.0|17276000.0|-249205000.0|0.0|10.527727|2.77719066|0.92561936|1.0|-7776000.0|-7776000.0|-8344000.0|-5.08470445|4030000.0|33267000.0|20.27239488|20180000.0
2010-03-31|15159000.0|15159000.0|5454000.0|9705000.0|3274000.0|10332000.0|-4962000.0|-4962000.0|0.0|-4962000.0|-318000.0|-4644000.0|0.0|-4644000.0|-4644000.0|0.0|-1.66|-1.66|-1.66|2794000.0|2794000.0|0.0|-3941000.0|387000.0|-212000.0|-210000.0|-2146000.0|-800000.0|-1346000.0|0.0|0.0|-6299000.0|22495000.0|21935000.0|560000.0|16957000.0|16957000.0|4242000.0|0.0|0.0|10504000.0|6441000.0|4063000.0|4822000.0|4822000.0|609000.0|11991000.0|11991000.0|-253849000.0|0.0|4.29169649|3.40552709|0.87599033|1.0|-4575000.0|-4575000.0|-4151000.0|-1.48568361|3919000.0|22495000.0|8.0511811|15494000.0
2011-03-31|14523000.0|14523000.0|4904000.0|9619000.0|2998000.0|7930000.0|-1482000.0|-1482000.0|0.0|-1482000.0|4000.0|-1486000.0|0.0|-1486000.0|-1486000.0|0.0|-0.53|-0.53|-0.53|2821000.0|2821000.0|0.0|1174000.0|321000.0|-210000.0|-209000.0|-1099000.0|-800000.0|-299000.0|0.0|0.0|-135000.0|20589000.0|20166000.0|423000.0|16822000.0|16822000.0|2695000.0|0.0|0.0|9947000.0|5891000.0|4056000.0|4268000.0|4268000.0|813000.0|10642000.0|10642000.0|-255335000.0|0.0|3.77242113|3.42318791|0.93469273|1.0|-1161000.0|-1161000.0|965000.0|0.34207728|2144000.0|20589000.0|7.29847572|14275000.0
2012-03-31|13787000.0|13787000.0|5553000.0|8234000.0|3394000.0|10014000.0|-6267000.0|-6267000.0|0.0|-6267000.0|0.0|-6267000.0|0.0|-6267000.0|-6267000.0|0.0|-2.25|-2.25|-2.25|2787000.0|2787000.0|0.0|-1929000.0|261000.0|-213000.0|-213000.0|1197000.0|1732000.0|-472000.0|0.0|0.0|-945000.0|19454000.0|19053000.0|401000.0|15877000.0|15877000.0|2446000.0|0.0|0.0|15016000.0|13648000.0|1368000.0|6000000.0|6000000.0|395000.0|4438000.0|4438000.0|-261602000.0|0.0|1.59239325|1.39602872|3.38350608|1.0|-6006000.0|-6006000.0|-2142000.0|-0.76856835|-4071000.0|19454000.0|6.98026552|5405000.0
2013-03-31|17559000.0|17559000.0|7425000.0|10134000.0|3706000.0|10326000.0|-4749000.0|-4749000.0|0.0|-4749000.0|0.0|-4749000.0|0.0|-4749000.0|-4749000.0|0.0|-1.68|-1.68|-1.68|2827000.0|2827000.0|0.0|-3421000.0|214000.0|-60000.0|-259000.0|-298000.0|0.0|0.0|0.0|0.0|-3779000.0|16852000.0|16406000.0|446000.0|12098000.0|12098000.0|3455000.0|0.0|0.0|16332000.0|14540000.0|1792000.0|6000000.0|6000000.0|1010000.0|520000.0|520000.0|-266351000.0|0.0|0.18394057|1.12833563|31.40769231|1.0|-4535000.0|-4535000.0|-3680000.0|-1.30173329|-3786000.0|16852000.0|5.96108949|1866000.0
2014-03-31|15789000.0|15789000.0|8561000.0|7228000.0|2843000.0|13297000.0|-8179000.0|-8179000.0|0.0|-8179000.0|0.0|-8179000.0|3513000.0|-11692000.0|-11692000.0|0.0|-2.13|-2.13|-2.13|3843811.0|3843811.0|0.0|-9343000.0|246000.0|-1031000.0|-1031000.0|15183000.0|7000.0|0.0|0.0|0.0|4809000.0|21800000.0|20602000.0|1198000.0|16907000.0|16907000.0|3006000.0|856000.0|0.0|15062000.0|14444000.0|618000.0|6949000.0|6949000.0|1371000.0|3085000.0|3085000.0|-274530000.0|0.0|0.80258889|1.42633619|4.88233387|1.0|-7933000.0|-7933000.0|-10374000.0|-2.698884|-3458000.0|20944000.0|5.44875906|6158000.0
2015-03-31|20877000.0|20877000.0|12303000.0|8574000.0|3373000.0|19770000.0|-16696000.0|-16696000.0|0.0|-16696000.0|-2950000.0|-13746000.0|3691000.0|-17437000.0|-17437000.0|0.0|-1.89|-1.89|-1.89|7277000.0|7277000.0|0.0|-11635000.0|1530000.0|-6464000.0|-2013000.0|14370000.0|2564000.0|215000.0|0.0|0.0|-3729000.0|37286000.0|20062000.0|17224000.0|13212000.0|13212000.0|5203000.0|16413000.0|0.0|23268000.0|20179000.0|3089000.0|10347000.0|10347000.0|1535000.0|9123000.0|9123000.0|-288276000.0|0.0|1.25367597|0.99420189|2.55047682|1.0|-15166000.0|-15166000.0|-13648000.0|-1.87549814|-2171000.0|20873000.0|2.86835234|-117000.0
2016-03-31|26760000.0|26760000.0|12969000.0|13791000.0|3612000.0|21321000.0|-14566000.0|-14566000.0|0.0|-14566000.0|-545000.0|-14021000.0|1120000.0|-15148000.0|-15148000.0|0.0|-1.34|-1.34|-1.34|10482000.0|10482000.0|0.0|-5927000.0|2680000.0|-2348000.0|-1389000.0|4631000.0|4392000.0|171000.0|0.0|-116000.0|-3760000.0|44213000.0|18034000.0|26179000.0|9452000.0|9452000.0|7031000.0|24200000.0|0.0|33306000.0|26147000.0|7159000.0|14827000.0|14827000.0|1973000.0|10794000.0|10794000.0|-302297000.0|-116000.0|1.02976531|0.68971584|3.08560311|1.0|-11886000.0|-11886000.0|-7316000.0|-0.6979584|-759000.0|20013000.0|1.90927304|-8113000.0
