Date|REVENUE|REVENUEUSD|COR|GP|RND|SGNA|EBIT|EBITUSD|INTEXP|EBT|TAXEXP|NETINC|PREFDIVIS|NETINCCMN|NETINCCMNUSD|NETINCDIS|EPS|EPSUSD|EPSDIL|SHARESWA|SHARESWADIL|DPS|NCFO|DEPAMOR|NCFI|CAPEX|NCFF|NCFDEBT|NCFCOMMON|NCFDIV|NCFX|NCF|ASSETS|ASSETSC|ASSETSNC|CASHNEQ|CASHNEQUSD|RECEIVABLES|INTANGIBLES|INVENTORY|LIABILITIES|LIABILITIESC|LIABILITIESNC|DEBT|DEBTUSD|PAYABLES|EQUITY|EQUITYUSD|RETEARN|ACCOCI|BVPS|CURRENTRATIO|DE|DILUTIONRATIO|EBITDA|EBITDAUSD|FCF|FCFPS|INVCAP|TANGIBLES|TBVPS|WORKINGCAPITAL
2009-03-31|106632000000.0|106632000000.0|101254000000.0|5378000000.0|364000000.0|3325000000.0|1208000000.0|1208000000.0|144000000.0|1064000000.0|241000000.0|823000000.0|0.0|823000000.0|823000000.0|0.0|2.99|2.99|2.95|275000000.0|279000000.0|0.48|1351000000.0|441000000.0|-727000000.0|-392000000.0|178000000.0|695000000.0|-405000000.0|-116000000.0|-55000000.0|747000000.0|25267000000.0|18671000000.0|6596000000.0|2109000000.0|2109000000.0|7774000000.0|4410000000.0|8527000000.0|19074000000.0|15606000000.0|3468000000.0|2509000000.0|2509000000.0|11739000000.0|6193000000.0|6193000000.0|6103000000.0|-179000000.0|22.52|1.19639882|3.07992895|1.01454545|1649000000.0|1649000000.0|959000000.0|3.48727273|5651000000.0|20857000000.0|75.84363636|3065000000.0
2010-03-31|108702000000.00002|108702000000.00002|103026000000.0|5676000000.0|376000000.0|3312000000.0|2051000000.0|2051000000.0|187000000.0|1864000000.0|601000000.0|1263000000.0|0.0|1263000000.0|1263000000.0|0.0|4.7|4.7|4.62|269000000.0|273000000.0|0.48|2316000000.0|474000000.0|-309000000.0|-378000000.0|-421000000.0|-219000000.0|-111000000.0|-131000000.0|36000000.0|1622000000.0|28189000000.0|21504000000.0|6685000000.0|3731000000.0|3731000000.0|8075000000.0|4353000000.0|9441000000.0|20657000000.0|17012000000.0|3645000000.0|2296000000.0|2296000000.0|13255000000.0|7532000000.0|7532000000.0|7236000000.0|6000000.0|28.0|1.26404891|2.74256506|1.01486989|2525000000.0|2525000000.0|1938000000.0|7.20446097|5389000000.0|23836000000.0|88.60966543|4492000000.0
2011-03-31|112084000000.0|112084000000.0|106114000000.0|5970000000.0|407000000.0|3529000000.0|1929000000.0|1929000000.0|222000000.0|1707000000.0|505000000.0|1202000000.0|0.0|1202000000.0|1202000000.0|-72000000.0|4.65|4.65|4.57|258000000.0|263000000.0|0.72|2338000000.0|496000000.0|-624000000.0|-388000000.0|-1841000000.0|-41000000.0|-1683000000.0|-171000000.0|8000000.0|-119000000.0|30886000000.0|22357000000.0|8529000000.0|3612000000.0|3612000000.0|9187000000.0|5820000000.0|9225000000.0|23666000000.0|18726000000.0|4940000000.0|4004000000.0|4004000000.0|14090000000.0|7220000000.0|7220000000.0|8250000000.0|87000000.0|27.98449612|1.19390153|3.27783934|1.01937984|2425000000.0|2425000000.0|1950000000.0|7.55813953|6732000000.0|25066000000.0|97.15503876|3631000000.0
2012-03-31|122320999999.99998|122320999999.99998|115919000000.0|6402000000.0|402000000.0|3727000000.0|2168000000.0|2168000000.0|251000000.0|1917000000.0|514000000.0|1403000000.0|0.0|1403000000.0|1403000000.0|-24000000.0|5.7|5.7|5.59|246000000.0|251000000.0|0.8|2950000000.0|493000000.0|-1502000000.0|-398000000.0|-1905000000.0|-30000000.0|-1707000000.0|-195000000.0|-6000000.0|-463000000.0|33093000000.0|23603000000.0|9490000000.0|3149000000.0|3149000000.0|9977000000.0|6782000000.0|10073000000.0|26262000000.0|21686000000.0|4576000000.0|3980000000.0|3980000000.0|16114000000.0|6831000000.0|6831000000.0|9451000000.0|5000000.0|27.76829268|1.08839804|3.84453228|1.0203252|2661000000.0|2661000000.0|2552000000.0|10.37398374|5456000000.0|26311000000.0|106.95528455|1917000000.0
2013-03-31|122196000000.0|122196000000.0|115314999999.99998|6881000000.0|433000000.0|4110000000.0|2165000000.0|2165000000.0|240000000.0|1925000000.0|587000000.0|1338000000.0|0.0|1338000000.0|1338000000.0|25000000.0|5.71|5.71|5.59|235000000.0|239000000.0|0.8|2483000000.0|581000000.0|-2209000000.0|-400000000.0|-956000000.0|255000000.0|-1048000000.0|-194000000.0|-11000000.0|-693000000.0|34786000000.0|23170000000.0|11616000000.0|2456000000.0|2456000000.0|9975000000.0|8675000000.0|10335000000.0|27716000000.0|21357000000.0|6359000000.0|4873000000.0|4873000000.0|16108000000.0|7070000000.0|7070000000.0|10402000000.0|-65000000.0|30.08510638|1.0848902|3.92022631|1.01702128|2746000000.0|2746000000.0|2083000000.0|8.86382979|7171000000.0|26111000000.0|111.1106383|1813000000.0
2014-03-31|137392000000.0|137392000000.0|129040000000.0|8352000000.0|457000000.0|5388000000.0|2320000000.0|2320000000.0|300000000.0|2020000000.0|757000000.0|1263000000.0|0.0|1263000000.0|1263000000.0|156000000.0|5.51|5.51|5.41|229000000.0|233000000.0|0.92|3136000000.0|735000000.0|-5046000000.0|-419000000.0|3619000000.0|3724000000.0|47000000.0|-214000000.0|28000000.0|1737000000.0|51759000000.0|32836000000.0|18923000000.0|4193000000.0|4193000000.0|13780000000.0|14798000000.0|12986000000.0|41441000000.0|29615000000.0|11826000000.0|10594000000.0|10594000000.0|21128000000.0|8522000000.0|8522000000.0|11453000000.0|-3000000.0|37.2139738|1.10876245|4.86282563|1.01746725|3055000000.0|3055000000.0|2717000000.0|11.86462882|13747000000.0|36961000000.0|161.40174672|3221000000.0
2015-03-31|179045000000.0|179045000000.0|167634000000.0|11411000000.0|392000000.0|7901000000.0|2665000000.0|2665000000.0|374000000.0|2291000000.0|815000000.0|1476000000.0|0.0|1476000000.0|1476000000.0|299000000.0|6.37|6.37|6.27|232000000.0|235000000.0|0.96|3112000000.0|1017000000.0|-677000000.0|-545000000.0|-968000000.0|-402000000.0|-298000000.0|-227000000.0|-319000000.0|1148000000.0|53870000000.0|36670000000.0|17200000000.0|5341000000.0|5341000000.0|15914000000.0|13258000000.0|14296000000.0|45785000000.0|33497000000.0|12288000000.0|9844000000.0|9844000000.0|25166000000.0|8001000000.0|8001000000.0|12705000000.0|-1713000000.0|34.48706897|1.0947249|5.7224097|1.01293103|3682000000.0|3682000000.0|2567000000.0|11.06465517|11618000000.0|40612000000.0|175.05172414|3173000000.0
2016-03-31|190884000000.0|190884000000.0|179468000000.0|11416000000.0|392000000.0|7276000000.0|3519000000.0|3519000000.0|353000000.0|3166000000.0|908000000.0|2258000000.0|0.0|2258000000.0|2258000000.0|32000000.0|9.82|9.82|9.7|230000000.0|233000000.0|1.08|3672000000.0|885000000.0|-1557000000.0|-677000000.0|-3453000000.0|-1725000000.0|-1489000000.0|-244000000.0|45000000.0|-1293000000.0|56523000000.0|38435000000.0|18088000000.0|4048000000.0|4048000000.0|17980000000.0|12807000000.0|15335000000.0|47515000000.0|35069000000.0|12446000000.0|8107000000.0|8107000000.0|28585000000.0|8924000000.0|8924000000.0|8360000000.0|-1561000000.0|38.8|1.09598221|5.3244061|1.01304348|4404000000.0|4404000000.0|2995000000.0|13.02173913|12706000000.0|43716000000.0|190.06956522|3366000000.0
