Date|REVENUE|REVENUEUSD|COR|GP|RND|SGNA|EBIT|EBITUSD|INTEXP|EBT|TAXEXP|NETINC|PREFDIVIS|NETINCCMN|NETINCCMNUSD|NETINCDIS|EPS|EPSUSD|EPSDIL|SHARESWA|SHARESWADIL|DPS|NCFO|DEPAMOR|NCFI|CAPEX|NCFF|NCFDEBT|NCFCOMMON|NCFDIV|NCFX|NCF|ASSETS|ASSETSC|ASSETSNC|CASHNEQ|CASHNEQUSD|RECEIVABLES|INTANGIBLES|INVENTORY|LIABILITIES|LIABILITIESC|LIABILITIESNC|DEBT|DEBTUSD|PAYABLES|EQUITY|EQUITYUSD|RETEARN|ACCOCI|BVPS|CURRENTRATIO|DE|DILUTIONRATIO|EBITDA|EBITDAUSD|FCF|FCFPS|INVCAP|TANGIBLES|TBVPS|WORKINGCAPITAL
2009-06-30|0.0|0.0|0.0|0.0|7777000.0|1630000.0|-11179000.0|-11179000.0|0.0|-11179000.0|1000.0|-11180000.0|0.0|-11180000.0|-11180000.0|0.0|-9.18|-9.18|-9.18|1217864.0|1217864.0|0.0|-10554000.0|0.0|0.0|0.0|9878000.0|0.0|9878000.0|0.0|0.0|-676000.0|19356000.0|19356000.0|0.0|19067000.0|19067000.0|0.0|0.0|0.0|4143000.0|4143000.0|0.0|0.0|0.0|957000.0|15213000.0|15213000.0|-62911000.0|0.0|12.49154257|4.67197683|0.27233287|1.0|-11179000.0|-11179000.0|-10554000.0|-8.66599226|-3854000.0|19356000.0|15.89340025|15213000.0
2010-06-30|0.0|0.0|0.0|0.0|4031000.0|2448000.0|-7895000.0|-7895000.0|0.0|-7895000.0|1000.0|-7896000.0|0.0|-7896000.0|-7896000.0|0.0|-6.42|-6.42|-6.42|1224387.0|1224387.0|0.0|-10033000.0|0.0|-3000.0|-3000.0|0.0|0.0|0.0|0.0|0.0|-10036000.0|9136000.0|9133000.0|3000.0|9031000.0|9031000.0|0.0|0.0|0.0|1755000.0|1755000.0|0.0|0.0|0.0|830000.0|7381000.0|7381000.0|-70807000.0|0.0|6.02832274|5.2039886|0.23777266|1.0|-7895000.0|-7895000.0|-10036000.0|-8.19675478|-1650000.0|9136000.0|7.46169308|7378000.0
2011-06-30|0.0|0.0|0.0|0.0|2115000.0|4336000.0|-6780000.0|-6780000.0|0.0|-6780000.0|1000.0|-6781000.0|0.0|-6781000.0|-6781000.0|0.0|-5.34|-5.34|-5.34|1273901.0|1273901.0|0.0|-6501000.0|13000.0|-48000.0|-48000.0|1376000.0|0.0|711000.0|0.0|0.0|-5173000.0|4168000.0|4130000.0|38000.0|3858000.0|3858000.0|0.0|0.0|0.0|2374000.0|2374000.0|0.0|0.0|0.0|328000.0|1794000.0|1794000.0|-77588000.0|0.0|1.4082727|1.73967987|1.32329989|1.0|-6767000.0|-6767000.0|-6549000.0|-5.14090184|-2064000.0|4168000.0|3.27183981|1756000.0
2012-06-30|0.0|0.0|0.0|0.0|4915000.0|3479000.0|-7522000.0|-7522000.0|0.0|-7522000.0|1000.0|-7523000.0|0.0|-7523000.0|-7523000.0|0.0|-3.35|-3.35|-3.35|2247709.0|2247709.0|0.0|-7081000.0|13000.0|0.0|0.0|9425000.0|0.0|9831000.0|0.0|0.0|2344000.0|6373000.0|6348000.0|25000.0|6202000.0|6202000.0|0.0|0.0|0.0|1774000.0|1774000.0|0.0|0.0|0.0|594000.0|4599000.0|4599000.0|-85111000.0|0.0|2.04608337|3.578354|0.38573603|1.0|-7509000.0|-7509000.0|-7081000.0|-3.15031884|-1603000.0|6373000.0|2.83533144|4574000.0
2013-06-30|0.0|0.0|0.0|0.0|6084000.0|5138000.0|-11185000.0|-11185000.0|0.0|-11185000.0|1000.0|-11186000.0|0.0|-11186000.0|-11186000.0|0.0|-1.1|-1.1|-1.1|10160835.0|10160835.0|0.0|-10044000.0|45000.0|-38000.0|-38000.0|39453000.0|0.0|39453000.0|0.0|0.0|29371000.0|36547000.0|36029000.0|518000.0|35573000.0|35573000.0|0.0|470000.0|0.0|1675000.0|1675000.0|0.0|0.0|0.0|537000.0|34872000.0|34872000.0|-96297000.0|0.0|3.43200141|21.50985075|0.04803281|1.0|-11140000.0|-11140000.0|-10082000.0|-0.99224129|-1171000.0|36077000.0|3.55059402|34354000.0
2014-06-30|0.0|0.0|0.0|0.0|19331000.0|7897000.0|-27147000.0|-27147000.0|0.0|-27147000.0|1000.0|-27148000.0|0.0|-27148000.0|-27148000.0|0.0|-1.35|-1.35|-1.35|20061387.0|20061387.0|0.0|-19451000.0|50000.0|-35066000.0|-50000.0|32721000.0|0.0|32721000.0|0.0|0.0|-21796000.0|49808000.0|49290000.0|518000.0|48793000.0|48793000.0|0.0|435000.0|0.0|4616000.0|4616000.0|0.0|0.0|0.0|1708000.0|45192000.0|45192000.0|-123445000.0|0.0|2.25268572|10.67807626|0.10214197|1.0|-27097000.0|-27097000.0|-19501000.0|-0.97206639|-4036000.0|49373000.0|2.46109603|44674000.0
2015-06-30|0.0|0.0|0.0|0.0|23823000.0|8948000.0|-32693000.0|-32693000.0|0.0|-32693000.0|1000.0|-32694000.0|0.0|-32694000.0|-32694000.0|0.0|-1.16|-1.16|-1.16|28204356.0|28204356.0|0.0|-28069000.0|64000.0|-10056000.0|-15000.0|43070000.0|0.0|43070000.0|0.0|0.0|4945000.0|64750000.0|64281000.0|469000.0|63779000.0|63779000.0|0.0|401000.0|0.0|4959000.0|4959000.0|0.0|0.0|0.0|863000.0|59791000.0|59791000.0|-156139000.0|0.0|2.11992077|12.96249244|0.0829389|1.0|-32629000.0|-32629000.0|-28084000.0|-0.99573272|-4389000.0|64349000.0|2.28152701|59322000.0
2016-06-30|0.0|0.0|0.0|0.0|13403000.0|7601000.0|-20861000.0|-20861000.0|0.0|-20861000.0|1000.0|-20862000.0|0.0|-20862000.0|-20862000.0|0.0|-0.61|-0.61|-0.61|34400441.0|34400441.0|0.0|-17857000.0|58000.0|9972000.0|-4000.0|0.0|0.0|0.0|0.0|0.0|-7885000.0|47164000.0|46749000.0|415000.0|45918000.0|45918000.0|0.0|366000.0|0.0|5512000.0|5512000.0|0.0|0.0|0.0|1079000.0|41652000.0|41652000.0|-177001000.0|0.0|1.21079843|8.4813135|0.13233458|1.0|-20803000.0|-20803000.0|-17861000.0|-0.51920846|-4632000.0|46798000.0|1.36038954|41237000.0
