Date|REVENUE|REVENUEUSD|COR|GP|RND|SGNA|EBIT|EBITUSD|INTEXP|EBT|TAXEXP|NETINC|PREFDIVIS|NETINCCMN|NETINCCMNUSD|NETINCDIS|EPS|EPSUSD|EPSDIL|SHARESWA|SHARESWADIL|DPS|NCFO|DEPAMOR|NCFI|CAPEX|NCFF|NCFDEBT|NCFCOMMON|NCFDIV|NCFX|NCF|ASSETS|ASSETSC|ASSETSNC|CASHNEQ|CASHNEQUSD|RECEIVABLES|INTANGIBLES|INVENTORY|LIABILITIES|LIABILITIESC|LIABILITIESNC|DEBT|DEBTUSD|PAYABLES|EQUITY|EQUITYUSD|RETEARN|ACCOCI|BVPS|CURRENTRATIO|DE|DILUTIONRATIO|EBITDA|EBITDAUSD|FCF|FCFPS|INVCAP|TANGIBLES|TBVPS|WORKINGCAPITAL
2009-04-30|18151000.0|18151000.0|9064000.0|9087000.0|18424000.0|6979000.0|-16116000.0|-16116000.0|408000.0|-16524000.0|0.0|-16524000.0|0.0|-16524000.0|-16524000.0|0.0|-0.37|-0.37|-0.37|45246293.0|45246293.0|0.0|-10082000.0|503000.0|-88000.0|-126000.0|5058000.0|4508000.0|550000.0|0.0|0.0|-5112000.0|23127000.0|20134000.0|2993000.0|10018000.0|10018000.0|3714000.0|0.0|4707000.0|22226000.0|18864000.0|3362000.0|4673000.0|4673000.0|2809000.0|901000.0|901000.0|-247360000.0|0.0|0.01991323|1.067324|24.6681465|1.0|-15613000.0|-15613000.0|-10208000.0|-0.22560964|-1082000.0|23127000.0|0.5111358|1270000.0
2010-04-30|27943000.0|27943000.0|8716000.0|19227000.0|24658000.0|8182000.0|-13497000.0|-13497000.0|997000.0|-14494000.0|0.0|-14494000.0|0.0|-14494000.0|-14494000.0|0.0|-0.3|-0.3|-0.3|49065322.0|49065322.0|0.0|-13961000.0|447000.0|-268000.0|-188000.0|23892000.0|-1687000.0|25579000.0|0.0|0.0|9663000.0|29335000.0|26778000.0|2557000.0|19681000.0|19681000.0|1848000.0|0.0|3123000.0|15928000.0|14045000.0|1883000.0|3208000.0|3208000.0|3434000.0|13407000.0|13407000.0|-261854000.0|0.0|0.27324798|1.90658597|1.1880361|1.0|-13050000.0|-13050000.0|-14149000.0|-0.28837067|-1183000.0|29335000.0|0.59787644|12733000.0
2011-04-30|13492000.0|13492000.0|7296000.0|6196000.0|29462000.0|11421000.0|-33635000.0|-33635000.0|516000.0|-34151000.0|0.0|-34151000.0|0.0|-34151000.0|-34151000.0|0.0|-0.56|-0.56|-0.56|60886392.0|60886392.0|0.0|-26462000.0|652000.0|-1347000.0|-912000.0|31203000.0|-2062000.0|33265000.0|0.0|0.0|3394000.0|34766000.0|30815000.0|3951000.0|23075000.0|23075000.0|1482000.0|0.0|5284000.0|19348000.0|17679000.0|1669000.0|1321000.0|1321000.0|4046000.0|15418000.0|15418000.0|-296005000.0|0.0|0.25322571|1.74302845|1.25489687|1.0|-32983000.0|-32983000.0|-27374000.0|-0.44959143|-4667000.0|34766000.0|0.57099787|13136000.0
2012-04-30|15233000.0|15233000.0|10153000.0|5080000.0|35688000.0|11462000.0|-42029000.0|-42029000.0|90000.0|-42119000.0|0.0|-42119000.0|0.0|-42119000.0|-42119000.0|0.0|-0.5|-0.5|-0.5|83572761.0|83572761.0|0.0|-35878000.0|908000.0|-1171000.0|-1554000.0|32007000.0|-1408000.0|33415000.0|0.0|0.0|-5042000.0|28262000.0|24792000.0|3470000.0|18033000.0|18033000.0|2353000.0|0.0|3611000.0|18779000.0|17639000.0|1140000.0|0.0|0.0|3492000.0|9483000.0|9483000.0|-338124000.0|0.0|0.11346999|1.40552185|1.9802805|1.0|-41121000.0|-41121000.0|-37432000.0|-0.44789713|-7410000.0|28262000.0|0.33817239|7153000.0
2013-04-30|21683000.0|21683000.0|12595000.0|9088000.0|24306000.0|13134000.0|-29726000.0|-29726000.0|54000.0|-29780000.0|0.0|-29780000.0|0.0|-29780000.0|-29780000.0|0.0|-0.25|-0.25|-0.25|120370333.0|120370333.0|0.0|-20926000.0|1087000.0|-751000.0|-853000.0|38848000.0|-1304000.0|40152000.0|0.0|0.0|17171000.0|45058000.0|41914000.0|3144000.0|35204000.0|35204000.0|1662000.0|0.0|4339000.0|21298000.0|20561000.0|737000.0|0.0|0.0|2821000.0|23760000.0|23760000.0|-367904000.0|0.0|0.19739083|2.03851953|0.89638047|1.0|-28639000.0|-28639000.0|-21779000.0|-0.18093329|-10707000.0|45058000.0|0.37432812|21353000.0
2014-04-30|22401000.0|22401000.0|13110000.0|9291000.0|27723000.0|17274000.0|-35357000.0|-35357000.0|5000.0|-35362000.0|0.0|-35362000.0|401000.0|-35763000.0|-35763000.0|0.0|-0.22|-0.22|-0.22|161579649.0|161579649.0|0.0|-28254000.0|986000.0|-2522000.0|-755000.0|73062000.0|-32000.0|55409000.0|0.0|0.0|42286000.0|90545000.0|85771000.0|4774000.0|77490000.0|77490000.0|1332000.0|0.0|5530000.0|22846000.0|22207000.0|639000.0|0.0|0.0|2434000.0|67699000.0|67699000.0|-403266000.0|0.0|0.41898222|3.8623407|0.33746436|1.0|-34371000.0|-34371000.0|-29009000.0|-0.17953375|-9152000.0|90545000.0|0.56037379|63564000.0
2015-04-30|26781000.0|26781000.0|15593000.0|11188000.0|42996000.0|18691000.0|-50357000.0|-50357000.0|1000.0|-50358000.0|0.0|-50358000.0|3696000.0|-54054000.0|-54054000.0|0.0|-0.3|-0.3|-0.3|182558332.0|182558332.0|0.0|-36019000.0|1041000.0|-8449000.0|-9047000.0|34979000.0|-13000.0|20141000.0|0.0|0.0|-9489000.0|97464000.0|80523000.0|16941000.0|68001000.0|68001000.0|3813000.0|0.0|7354000.0|38429000.0|37331000.0|1098000.0|0.0|0.0|10385000.0|59035000.0|59035000.0|-453624000.0|0.0|0.32337609|2.15700088|0.65095282|1.0|-49316000.0|-49316000.0|-45066000.0|-0.24685808|-7868000.0|97464000.0|0.53387867|43192000.0
2016-04-30|44686000.0|44686000.0|22966000.0|21720000.0|59529000.0|18551000.0|-55638000.0|-55638000.0|14000.0|-55652000.0|0.0|-55652000.0|4484000.0|-60136000.0|-60136000.0|0.0|-0.28|-0.28|-0.28|216265620.0|216265620.0|0.0|-39591000.0|1535000.0|-8791000.0|-9324000.0|41793000.0|0.0|45873000.0|0.0|0.0|-6589000.0|109043000.0|81808000.0|27235000.0|62012000.0|62012000.0|2859000.0|0.0|16186000.0|58969000.0|57574000.0|1395000.0|0.0|0.0|8429000.0|50074000.0|50074000.0|-509276000.0|0.0|0.23153934|1.42091916|1.1776371|1.0|-54103000.0|-54103000.0|-48915000.0|-0.22618019|-10543000.0|109043000.0|0.50420867|24234000.0
