Date|REVENUE|REVENUEUSD|COR|GP|RND|SGNA|EBIT|EBITUSD|INTEXP|EBT|TAXEXP|NETINC|PREFDIVIS|NETINCCMN|NETINCCMNUSD|NETINCDIS|EPS|EPSUSD|EPSDIL|SHARESWA|SHARESWADIL|DPS|NCFO|DEPAMOR|NCFI|CAPEX|NCFF|NCFDEBT|NCFCOMMON|NCFDIV|NCFX|NCF|ASSETS|ASSETSC|ASSETSNC|CASHNEQ|CASHNEQUSD|RECEIVABLES|INTANGIBLES|INVENTORY|LIABILITIES|LIABILITIESC|LIABILITIESNC|DEBT|DEBTUSD|PAYABLES|EQUITY|EQUITYUSD|RETEARN|ACCOCI|BVPS|CURRENTRATIO|DE|DILUTIONRATIO|EBITDA|EBITDAUSD|FCF|FCFPS|INVCAP|TANGIBLES|TBVPS|WORKINGCAPITAL
2009-06-30|2854895000.0|2854895000.0|2209545000.0|645350000.0|0.0|831419000.0|-508994000.0|-508994000.0|20574000.0|-529568000.0|-107017000.0|-422551000.0|0.0|-422551000.0|-422551000.0|0.0|-7.34|-7.34|-7.34|58766000.0|58766000.0|0.04|74451000.0|145786000.0|-67012000.0|-79122000.0|375986000.0|188203000.0|189723000.0|-2207000.0|-20175000.0|363250000.0|2473497000.0|1506322000.0|967175000.0|586359000.0|586359000.0|410703000.0|42199000.0|333595000.0|1465579000.0|743530000.0|722049000.0|577296000.0|577296000.0|240984000.0|1007132000.0|1007132000.0|1126946000.0|57198000.0|17.13800497|2.02590615|1.45520051|1.0|-363208000.0|-363208000.0|-4671000.0|-0.07948474|1678705000.0|2431298000.0|41.37252833|762792000.0
2010-06-30|3364428000.0|3364428000.0|2479270000.0|885158000.0|0.0|774189000.0|197594000.0|197594000.0|30215000.0|167379000.0|8610000.0|158769000.0|0.0|158769000.0|158769000.0|-123591000.0|2.26|2.26|2.25|70350000.0|70595000.0|0.0|240439000.0|127654000.0|66701000.0|-60033000.0|-222260000.0|-228890000.0|0.0|0.0|-25669000.0|59211000.0|2556215000.0|1673979000.0|882236000.0|645570000.0|645570000.0|517092000.0|105922000.0|353123000.0|1421323000.0|863451000.0|557872000.0|377837000.0|377837000.0|382985000.0|1134892000.0|1134892000.0|1285715000.0|3666000.0|16.13208244|1.93870758|1.25238613|1.00348259|325248000.0|325248000.0|180406000.0|2.56440654|1319109000.0|2450293000.0|34.83003554|810528000.0
2011-06-30|3772345000.0|3772345000.0|2784995000.0|987350000.0|0.0|813809000.0|182796000.0|182796000.0|22576000.0|160220000.0|24304000.0|135916000.0|0.0|135916000.0|135916000.0|0.0|1.91|1.91|1.9|70992000.0|71635000.0|0.05|331750000.0|123264000.0|-434500000.0|-108357000.0|-8378000.0|-19463000.0|0.0|-3525000.0|69450000.0|-41678000.0|3058495000.0|2108155000.0|950340000.0|603892000.0|603892000.0|579272000.0|119357000.0|423137000.0|1634837000.0|1047581000.0|587256000.0|380572000.0|380572000.0|473486000.0|1423658000.0|1423658000.0|1418106000.0|136733000.0|20.05378071|2.01240286|1.14833549|1.00905736|306060000.0|306060000.0|223393000.0|3.14673484|1668237000.0|2939138000.0|41.40097476|1060574000.0
2012-06-30|4364078000.0|4364078000.0|3179932000.0|1184146000.0|0.0|883900000.0|281279000.0|281279000.0|20126000.0|261153000.0|-68388000.0|329541000.0|0.0|329541000.0|329541000.0|0.0|4.62|4.62|4.57|71297000.0|72083000.0|0.3|268507000.0|122225000.0|-64651000.0|-112536000.0|-147646000.0|-1308000.0|-123946000.0|-21161000.0|-42746000.0|13464000.0|3169464000.0|2116245000.0|1053219000.0|617356000.0|617356000.0|582835000.0|180811000.0|427597000.0|1639853000.0|1381900000.0|257953000.0|395636000.0|395636000.0|505694000.0|1529611000.0|1529611000.0|1726486000.0|29709000.0|21.4540724|1.53140242|1.07207192|1.01102431|403504000.0|403504000.0|155971000.0|2.1876236|1385033000.0|2988653000.0|41.91835561|734345000.0
2013-06-30|4297842000.0|4297842000.0|3193722000.0|1104120000.0|0.0|902869000.0|187004000.0|187004000.0|12868000.0|174136000.0|31729000.0|142407000.0|0.0|142407000.0|142407000.0|0.0|2.06|2.06|2.04|68990000.0|69736000.0|0.6|42136000.0|128168000.0|-10691000.0|-101682000.0|-203411000.0|-166763000.0|8541000.0|-41449000.0|8868000.0|-163098000.0|3235685000.0|2089052000.0|1146633000.0|454258000.0|454258000.0|722711000.0|234342000.0|549831000.0|1590814000.0|1077514000.0|513300000.0|289973000.0|289973000.0|498055000.0|1644871000.0|1644871000.0|1827267000.0|21800000.0|23.84216553|1.93877017|0.96713602|1.01081316|315172000.0|315172000.0|-59546000.0|-0.8631106|1759544000.0|3001343000.0|43.50402957|1011538000.0
2014-06-30|5348483000.0|5348483000.0|3891816000.0|1456667000.0|0.0|1126940000.0|315328000.0|315328000.0|8026000.0|307302000.0|72610000.0|234692000.0|0.0|234692000.0|234692000.0|0.0|3.4|3.4|3.36|69073000.0|69889000.0|1.2|592140000.0|132328000.0|-612052000.0|-157141000.0|136604000.0|268838000.0|-54469000.0|-83053000.0|10362000.0|127054000.0|4125590000.0|2458871000.0|1666719000.0|581312000.0|581312000.0|894579000.0|722982000.0|662128000.0|2332569000.0|1485652000.0|846917000.0|558768000.0|558768000.0|697553000.0|1792578000.0|1792578000.0|1979234000.0|39799000.0|25.95193491|1.65507871|1.3012371|1.01181359|447656000.0|447656000.0|434999000.0|6.29767058|1894412000.0|3402608000.0|49.26104267|973219000.0
2015-06-30|6155297000.0|6155297000.0|4338193000.0|1817104000.0|0.0|1347510000.0|459878000.0|459878000.0|13929000.0|445949000.0|103269000.0|342680000.0|0.0|342680000.0|342680000.0|0.0|4.89|4.89|4.84|70147000.0|70870000.0|1.32|552603000.0|169231000.0|-738466000.0|-192498000.0|305186000.0|383159000.0|5358000.0|-92600000.0|-51122000.0|68201000.0|5865900000.0|2828592000.0|3037308000.0|649513000.0|649513000.0|1024139000.0|1956847000.0|693574000.0|3473074000.0|2070967000.0|1402107000.0|1086238000.0|1086238000.0|918910000.0|2374613000.0|2374613000.0|2229517000.0|11434000.0|33.85195375|1.36583152|1.46258527|1.01030693|629109000.0|629109000.0|360105000.0|5.13357663|2274811000.0|3909053000.0|55.72658845|757625000.0
2016-06-30|6911676000.0|6911676000.0|4818585000.0|2093091000.0|0.0|1513064000.0|563273000.0|563273000.0|33482000.0|529791000.0|168057000.0|361734000.0|0.0|361734000.0|361734000.0|0.0|5.03|5.03|4.99|71866000.0|72532000.0|1.4|446528000.0|224010000.0|-425876000.0|-198455000.0|-57635000.0|232884000.0|-145027000.0|-100651000.0|-10230000.0|-47213000.0|6047869000.0|2918455000.0|3129414000.0|602300000.0|602300000.0|1122920000.0|1986563000.0|706084000.0|3595396000.0|1831806000.0|1763590000.0|1396974000.0|1396974000.0|867279000.0|2452473000.0|2452473000.0|2490570000.0|-77241000.0|34.1256366|1.59321184|1.46602878|1.00926725|787283000.0|787283000.0|248073000.0|3.45188267|3024174000.0|4061306000.0|56.51220327|1086649000.0
