Date|REVENUE|REVENUEUSD|COR|GP|RND|SGNA|EBIT|EBITUSD|INTEXP|EBT|TAXEXP|NETINC|PREFDIVIS|NETINCCMN|NETINCCMNUSD|NETINCDIS|EPS|EPSUSD|EPSDIL|SHARESWA|SHARESWADIL|DPS|NCFO|DEPAMOR|NCFI|CAPEX|NCFF|NCFDEBT|NCFCOMMON|NCFDIV|NCFX|NCF|ASSETS|ASSETSC|ASSETSNC|CASHNEQ|CASHNEQUSD|RECEIVABLES|INTANGIBLES|INVENTORY|LIABILITIES|LIABILITIESC|LIABILITIESNC|DEBT|DEBTUSD|PAYABLES|EQUITY|EQUITYUSD|RETEARN|ACCOCI|BVPS|CURRENTRATIO|DE|DILUTIONRATIO|EBITDA|EBITDAUSD|FCF|FCFPS|INVCAP|TANGIBLES|TBVPS|WORKINGCAPITAL
2009-08-31|3953566000.0|3953566000.0|1771827000.0|2181739000.0|0.0|775455000.0|1059487000.0|1059487000.0|4448000.0|1055039000.0|456720000.0|598319000.0|0.0|598319000.0|598319000.0|0.0|3.79|3.79|3.75|157760000.0|157760000.0|0.0|912078000.0|113350000.0|-643116000.0|-127356000.0|217941000.0|475829000.0|-335411000.0|0.0|-1852000.0|485051000.0|3263377000.0|1880017000.0|1383360000.0|1400550000.0|1400550000.0|298270000.0|726029000.0|0.0|2038764000.0|1755278000.0|283486000.0|589066000.0|589066000.0|66928000.0|1159923000.0|1159923000.0|3195043000.0|-13740000.0|7.35245309|1.0710651|1.75767185|1.0|1172837000.0|1172837000.0|784722000.0|4.97415061|-29414000.0|2537348000.0|16.08359533|124739000.0
2010-08-31|4906613000.0|4906613000.0|2186417000.0|2720196000.0|0.0|923964000.0|1028485000.0|1028485000.0|11864000.0|1016621000.0|463619000.0|553002000.0|0.0|553002000.0|553002000.0|13886000.0|3.64|3.64|3.62|151955000.0|151955000.0|0.0|1033242000.0|147035000.0|-295289000.0|-168177000.0|-419733000.0|-2114000.0|-426727000.0|0.0|-1697000.0|316523000.0|3601451000.0|2253212000.0|1348239000.0|1728901000.0|1728901000.0|264377000.0|472752000.0|0.0|2212711000.0|1793511000.0|419200000.0|584400000.0|584400000.0|90830000.0|1356050000.0|1356050000.0|3748045000.0|-31176000.0|8.92402356|1.25631345|1.63173261|1.0|1175520000.0|1175520000.0|865065000.0|5.6929025|190687000.0|3128699000.0|20.58964167|459701000.0
2011-08-31|4711049000.0|4711049000.0|2175372000.0|2535677000.0|0.0|1009947000.0|1000494000.0|1000494000.0|8931000.0|991563000.0|419136000.0|572427000.0|0.0|572427000.0|572427000.0|-6709000.0|4.05|4.05|4.04|141269000.0|141269000.0|0.0|897122000.0|159006000.0|164311000.0|-162573000.0|-775250000.0|-27874000.0|-758265000.0|0.0|712000.0|286895000.0|3269706000.0|2370786000.0|898920000.0|1951071000.0|1951071000.0|215567000.0|254414000.0|0.0|2025717000.0|1655287000.0|370430000.0|599009000.0|599009000.0|69551000.0|1240364000.0|1240364000.0|4320472000.0|-23761000.0|8.78015701|1.43225072|1.63316333|1.0|1159500000.0|1159500000.0|734549000.0|5.19964748|7943000.0|3015292000.0|21.3443289|715499000.0
2012-08-31|4193190000.0|4193190000.0|2148497000.0|2044693000.0|0.0|983571000.0|717202000.0|717202000.0|11745000.0|705457000.0|282779000.0|422678000.0|0.0|422678000.0|422678000.0|-33499000.0|3.48|3.48|3.45|121607000.0|121607000.0|0.0|551300000.0|178234000.0|-114183000.0|-115187000.0|-731938000.0|66876000.0|-799964000.0|0.0|-468000.0|-295289000.0|2868322000.0|1937990000.0|930332000.0|1594709000.0|1594709000.0|198279000.0|252379000.0|0.0|1943999000.0|1655039000.0|288960000.0|719911000.0|719911000.0|74872000.0|928378000.0|928378000.0|4743150000.0|-30034000.0|7.63424803|1.17096334|2.09397358|1.0|895436000.0|895436000.0|436113000.0|3.58624915|86106000.0|2615943000.0|21.51145082|282951000.0
2013-08-31|3613851000.0|3613851000.0|1796801000.0|1817050000.0|0.0|955073000.0|441346000.0|441346000.0|8745000.0|432601000.0|184075000.0|248526000.0|0.0|248526000.0|248526000.0|18512000.0|2.2|2.2|2.19|112712000.0|112712000.0|0.0|478048000.0|224000000.0|-264652000.0|-119348000.0|-74304000.0|-26151000.0|-5670000.0|0.0|-982000.0|138110000.0|2997947000.0|2149656000.0|848291000.0|1673659000.0|1673659000.0|215401000.0|235812000.0|0.0|1879938000.0|1570315000.0|309623000.0|692054000.0|692054000.0|73123000.0|1117598000.0|1117598000.0|4978815000.0|-36563000.0|9.9155192|1.36893298|1.68212363|1.0|665346000.0|665346000.0|358700000.0|3.1824473|210215000.0|2762135000.0|24.50613067|579341000.0
2014-08-31|2996865000.0|2996865000.0|1498390000.0|1498475000.0|0.0|831802000.0|344508000.0|344508000.0|7914000.0|336594000.0|127290000.0|209304000.0|0.0|209304000.0|209304000.0|16632000.0|1.88|1.88|1.86|111354000.0|111354000.0|0.0|375907000.0|158155000.0|-350317000.0|-100666000.0|-211358000.0|-36691000.0|-170916000.0|0.0|96000.0|-185672000.0|3092935000.0|2042550000.0|1050385000.0|1452948000.0|1452948000.0|225398000.0|449266000.0|0.0|1847606000.0|1543400000.0|304206000.0|657096000.0|657096000.0|63907000.0|1180126000.0|1180126000.0|5143949000.0|-27320000.0|10.59796684|1.32340936|1.56560062|1.0|502663000.0|502663000.0|275241000.0|2.47176572|304417000.0|2643669000.0|23.74112291|499150000.0
2015-08-31|2566277000.0|2566277000.0|1417303000.0|1148974000.0|0.0|761421000.0|94513000.0|94513000.0|6595000.0|87918000.0|58163000.0|29755000.0|0.0|29755000.0|29755000.0|23185000.0|0.28|0.28|0.27|108092000.0|108092000.0|0.0|168582000.0|144830000.0|-154301000.0|-97961000.0|-724740000.0|-608935000.0|-43185000.0|0.0|-4429000.0|-714888000.0|2201064000.0|1223300000.0|977764000.0|702074000.0|702074000.0|198459000.0|390434000.0|0.0|1044091000.0|832344000.0|211747000.0|45646000.0|45646000.0|64100000.0|1144558000.0|1144558000.0|5153452000.0|-80579000.0|10.58873922|1.46970483|0.91222201|1.0|239343000.0|239343000.0|70621000.0|0.6533416|321858000.0|1810630000.0|16.75082337|390956000.0
2016-08-31|2101850000.0|2101850000.0|1219817000.0|882033000.0|0.0|600914000.0|-68003000.0|-68003000.0|6722000.0|-74725000.0|9829000.0|-84554000.0|0.0|-84554000.0|-84554000.0|9691000.0|-0.78|-0.78|-0.78|108660000.0|108660000.0|0.0|45084000.0|125730000.0|-104986000.0|-73074000.0|17457000.0|20737000.0|-3280000.0|0.0|2764000.0|-39681000.0|2012906000.0|1088725000.0|924181000.0|606194000.0|606194000.0|224990000.0|463845000.0|0.0|936312000.0|715477000.0|220835000.0|90795000.0|90795000.0|59640000.0|1070334000.0|1070334000.0|5024528000.0|-85957000.0|9.8503037|1.52167715|0.87478488|1.0|57727000.0|57727000.0|-27990000.0|-0.25759249|318185000.0|1549061000.0|14.25603718|373248000.0
