Date|REVENUE|REVENUEUSD|COR|GP|RND|SGNA|EBIT|EBITUSD|INTEXP|EBT|TAXEXP|NETINC|PREFDIVIS|NETINCCMN|NETINCCMNUSD|NETINCDIS|EPS|EPSUSD|EPSDIL|SHARESWA|SHARESWADIL|DPS|NCFO|DEPAMOR|NCFI|CAPEX|NCFF|NCFDEBT|NCFCOMMON|NCFDIV|NCFX|NCF|ASSETS|ASSETSC|ASSETSNC|CASHNEQ|CASHNEQUSD|RECEIVABLES|INTANGIBLES|INVENTORY|LIABILITIES|LIABILITIESC|LIABILITIESNC|DEBT|DEBTUSD|PAYABLES|EQUITY|EQUITYUSD|RETEARN|ACCOCI|BVPS|CURRENTRATIO|DE|DILUTIONRATIO|EBITDA|EBITDAUSD|FCF|FCFPS|INVCAP|TANGIBLES|TBVPS|WORKINGCAPITAL
2009-03-31|218367000.0|218367000.0|125402000.0|92965000.0|18070000.0|32871000.0|43844000.0|43844000.0|144000.0|43700000.0|15347000.0|28353000.0|0.0|28353000.0|28353000.0|0.0|3.26|3.26|3.18|8692000.0|8928000.0|0.8|35292000.0|4294000.0|34269000.0|-2350000.0|-16560000.0|-1134000.0|-12157000.0|-7041000.0|0.0|53001000.0|268287000.0|242116000.0|26171000.0|105454000.0|105454000.0|43272000.0|0.0|47975000.0|86221000.0|73096000.0|13125000.0|9540000.0|9540000.0|10639000.0|182066000.0|182066000.0|89763000.0|-47000.0|20.94638748|3.31230163|0.47357002|1.0271514|48138000.0|48138000.0|32942000.0|3.78992177|99277000.0|268287000.0|30.86596871|169020000.0
2010-03-31|242093000.0|242093000.0|131023000.0|111070000.0|19764000.0|36982000.0|54982000.0|54982000.0|136000.0|54846000.0|18670000.0|36176000.0|0.0|36176000.0|36176000.0|0.0|4.06|4.06|3.97|8900000.0|9107000.0|0.9|46276000.0|4538000.0|-112162000.0|-3266000.0|-4621000.0|-1163000.0|3486000.0|-8031000.0|0.0|-70507000.0|299853000.0|275700000.0|24153000.0|34947000.0|34947000.0|39813000.0|0.0|45387000.0|78085000.0|63705000.0|14380000.0|8377000.0|8377000.0|10970000.0|221768000.0|221768000.0|117908000.0|33000.0|24.91775281|4.32776077|0.3521022|1.02325843|59520000.0|59520000.0|43010000.0|4.83258427|209578000.0|299853000.0|33.69134831|211995000.0
2011-03-31|278576000.0|278576000.0|149374000.0|129202000.0|22619000.0|42139000.0|64985000.0|64985000.0|110000.0|64875000.0|22058000.0|42817000.0|0.0|42817000.0|42817000.0|0.0|4.73|4.73|4.63|9045000.0|9247000.0|1.2|33204000.0|4961000.0|26683000.0|-5301000.0|-34655000.0|-1301000.0|3207000.0|-10866000.0|0.0|25232000.0|336574000.0|302034000.0|34540000.0|89604000.0|89604000.0|54262000.0|0.0|46922000.0|70494000.0|61425000.0|9069000.0|7076000.0|7076000.0|9378000.0|266080000.0|266080000.0|149859000.0|21000.0|29.41735766|4.91711844|0.26493536|1.02233278|69946000.0|69946000.0|27903000.0|3.08490879|192621000.0|336574000.0|37.21105583|240609000.0
2012-03-31|203552000.0|203552000.0|110435000.0|93117000.0|25544000.0|35624000.0|32549000.0|32549000.0|91000.0|32458000.0|11036000.0|21422000.0|0.0|21422000.0|21422000.0|0.0|2.37|2.37|2.34|9046000.0|9148000.0|1.6|51019000.0|5768000.0|-68552000.0|-5160000.0|-18242000.0|-1322000.0|-15764000.0|-14423000.0|0.0|-35775000.0|324865000.0|297449000.0|27416000.0|40259000.0|40259000.0|28645000.0|0.0|48179000.0|66059000.0|58643000.0|7416000.0|5754000.0|5754000.0|7461000.0|258806000.0|258806000.0|156858000.0|16000.0|28.60999337|5.07219958|0.25524524|1.0112757|38317000.0|38317000.0|45859000.0|5.0695335|231717000.0|324865000.0|35.91255804|238806000.0
2013-03-31|186680000.0|186680000.0|107261000.0|79419000.0|23618000.0|29533000.0|26511000.0|26511000.0|65000.0|26446000.0|8992000.0|17454000.0|0.0|17454000.0|17454000.0|0.0|2.08|2.08|2.07|8394000.0|8448000.0|2.0|31157000.0|5114000.0|56049000.0|-3508000.0|-71157000.0|-1351000.0|-55473000.0|-16841000.0|0.0|16049000.0|281449000.0|254969000.0|26480000.0|53935000.0|53935000.0|33352000.0|0.0|48051000.0|77204000.0|68488000.0|8716000.0|4403000.0|4403000.0|8371000.0|204245000.0|204245000.0|157471000.0|-4000.0|24.33226114|3.72282736|0.37799701|1.00643317|31625000.0|31625000.0|27649000.0|3.29390041|163429000.0|281449000.0|33.52978318|186481000.0
2014-03-31|190249000.0|190249000.0|113599000.0|76650000.0|22089000.0|31805000.0|22786000.0|22786000.0|53000.0|22733000.0|7616000.0|15117000.0|0.0|15117000.0|15117000.0|0.0|1.92|1.92|1.91|7846000.0|7881000.0|2.0|32546000.0|5303000.0|16551000.0|-1821000.0|-27372000.0|-1488000.0|-8781000.0|-15713000.0|0.0|21725000.0|265511000.0|245372000.0|20139000.0|77059000.0|77059000.0|36808000.0|0.0|32935000.0|68116000.0|62491000.0|5625000.0|2915000.0|2915000.0|10618000.0|197395000.0|197395000.0|156891000.0|13000.0|25.15867958|3.92651742|0.3450746|1.00446087|28089000.0|28089000.0|30725000.0|3.91600816|128876000.0|265511000.0|33.84030079|182881000.0
2015-03-31|126750000.0|126750000.0|69488000.0|57262000.0|23390000.0|32707000.0|1065000.0|1065000.0|18000.0|1047000.0|68000.0|979000.0|0.0|979000.0|979000.0|0.0|0.13|0.13|0.13|7723000.0|7729000.0|2.0|-11136000.0|4565000.0|60680000.0|-2580000.0|-42852000.0|-653000.0|-35398000.0|-15607000.0|0.0|6692000.0|193108000.0|177703000.0|15405000.0|75236000.0|75236000.0|23972000.0|0.0|40983000.0|42701000.0|41175000.0|1526000.0|0.0|0.0|7200000.0|150407000.0|150407000.0|142289000.0|-11000.0|19.47520394|4.31579842|0.28390301|1.0007769|5630000.0|5630000.0|-13716000.0|-1.77599378|76697000.0|193108000.0|25.00427295|136528000.0
2016-03-31|102987000.0|102987000.0|56757000.0|46230000.0|21722000.0|29838000.0|-5507000.0|-5507000.0|0.0|-5507000.0|-2258000.0|-3249000.0|0.0|-3249000.0|-3249000.0|0.0|-0.45|-0.45|-0.45|7161000.0|7161000.0|2.0|8360000.0|3619000.0|22874000.0|-1598000.0|-18498000.0|0.0|-3131000.0|-14453000.0|0.0|12736000.0|171229000.0|155911000.0|15318000.0|88817000.0|88817000.0|21336000.0|0.0|38440000.0|40106000.0|34756000.0|5350000.0|0.0|0.0|5327000.0|131123000.0|131123000.0|124594000.0|0.0|18.31071079|4.48587294|0.30586549|1.0|-1888000.0|-1888000.0|6762000.0|0.94428152|47656000.0|171229000.0|23.91132523|121155000.0
