Date|REVENUE|REVENUEUSD|COR|GP|RND|SGNA|EBIT|EBITUSD|INTEXP|EBT|TAXEXP|NETINC|PREFDIVIS|NETINCCMN|NETINCCMNUSD|NETINCDIS|EPS|EPSUSD|EPSDIL|SHARESWA|SHARESWADIL|DPS|NCFO|DEPAMOR|NCFI|CAPEX|NCFF|NCFDEBT|NCFCOMMON|NCFDIV|NCFX|NCF|ASSETS|ASSETSC|ASSETSNC|CASHNEQ|CASHNEQUSD|RECEIVABLES|INTANGIBLES|INVENTORY|LIABILITIES|LIABILITIESC|LIABILITIESNC|DEBT|DEBTUSD|PAYABLES|EQUITY|EQUITYUSD|RETEARN|ACCOCI|BVPS|CURRENTRATIO|DE|DILUTIONRATIO|EBITDA|EBITDAUSD|FCF|FCFPS|INVCAP|TANGIBLES|TBVPS|WORKINGCAPITAL
2009-03-31|26097596.0|26097596.0|19997626.0|6099970.0|435750.0|5297284.0|5356937.0|5356937.0|32198.0|5324739.0|459382.0|4865357.0|0.0|4865357.0|4865357.0|-3423021.0|1.97|1.97|1.96|2466983.0|2471807.0|0.0|-2503959.0|49210.0|3386451.0|-170229.0|-4462246.0|-4183278.0|-278968.0|0.0|0.0|-3579754.0|27777678.0|14815788.0|12961890.0|284030.0|284030.0|5076217.0|0.0|8997231.0|3811779.0|3716455.0|95324.0|0.0|0.0|2761438.0|23965899.0|23965899.0|10755380.0|0.0|9.71465916|3.98653771|0.15905012|1.00195542|5406147.0|5406147.0|-2674188.0|-1.08399126|23777193.0|27777678.0|11.25977682|11099333.0
2010-03-31|26439118.0|26439118.0|21107506.0|5331612.0|712688.0|4731697.0|2563780.0|2563780.0|78451.0|2485329.0|217281.0|2268048.0|0.0|2268048.0|2268048.0|0.0|0.95|0.95|0.95|2387887.0|2398300.0|0.0|5028726.0|56361.0|-2964842.0|-4233.0|-94283.0|-79.0|-94204.0|0.0|0.0|1969601.0|28670754.0|14420843.0|14249911.0|2253631.0|2253631.0|4374224.0|0.0|3439906.0|2488249.0|2441790.0|46459.0|0.0|0.0|2162755.0|26182505.0|26182505.0|13023428.0|0.0|10.96471692|5.90584899|0.0950348|1.00436076|2620141.0|2620141.0|5024493.0|2.10415861|23975333.0|28670754.0|12.00674655|11979053.0
2011-03-31|13249604.0|13249604.0|9487859.0|3761745.0|615639.0|4375241.0|675084.0|675084.0|4166.0|670918.0|-146863.0|817781.0|0.0|817781.0|817781.0|0.0|0.34|0.34|0.34|2387887.0|2395766.0|0.0|-67168.0|61025.0|4542130.0|-65302.0|0.0|0.0|0.0|0.0|0.0|4474962.0|28483778.0|12998595.0|15485183.0|6728593.0|6728593.0|2216635.0|89434.0|3534011.0|1483492.0|1458492.0|25000.0|0.0|0.0|1247494.0|27000286.0|27000286.0|13841209.0|0.0|11.30718748|8.91235262|0.05494357|1.00329957|736109.0|736109.0|-132470.0|-0.05547582|20207259.0|28394344.0|11.89099149|11540103.0
2012-03-31|13304602.0|13304602.0|9793404.0|3511198.0|570952.0|4389818.0|-892888.0|-892888.0|0.0|-892888.0|-389600.0|-503288.0|0.0|-503288.0|-503288.0|0.0|-0.21|-0.21|-0.21|2374952.0|2374952.0|0.0|-3823293.0|41522.0|556870.0|-9752.0|-275896.0|0.0|-275896.0|0.0|0.0|-3542319.0|27565806.0|11786272.0|15779534.0|3186274.0|3186274.0|2601582.0|84962.0|5398540.0|1318765.0|1293765.0|25000.0|0.0|0.0|1122954.0|26247041.0|26247041.0|13337921.0|0.0|11.05160904|9.11005631|0.05024433|1.0|-851366.0|-851366.0|-3833045.0|-1.6139463|23000805.0|27480844.0|11.57111554|10492507.0
2013-03-31|15383877.0|15383877.0|11042477.0|4341400.0|543141.0|5010230.0|-398710.0|-398710.0|0.0|-398710.0|53851.0|-452561.0|0.0|-452561.0|-452561.0|0.0|-0.2|-0.2|-0.2|2311152.0|2311152.0|0.0|-785730.0|40302.0|264268.0|-11889.0|-225920.0|0.0|-225920.0|0.0|0.0|-747382.0|27786895.0|10298661.0|17488234.0|2438892.0|2438892.0|2919431.0|80491.0|4341652.0|752990.0|727990.0|25000.0|0.0|0.0|548388.0|27033905.0|27033905.0|12885360.0|0.0|11.69715579|14.14670669|0.02785354|1.0|-358408.0|-358408.0|-797619.0|-0.3451175|24539522.0|27706404.0|11.98813579|9570671.0
2014-03-31|12577127.0|12577127.0|9736143.0|2840984.0|592488.0|4251274.0|-2139409.0|-2139409.0|0.0|-2139409.0|2310835.0|-4450244.0|0.0|-4450244.0|-4450244.0|0.0|-1.94|-1.94|-1.94|2290010.0|2290010.0|0.0|-851941.0|43943.0|382792.0|33483.0|81250.0|0.0|81250.0|0.0|0.0|-387899.0|23202976.0|8940340.0|14262636.0|2050993.0|2050993.0|2289122.0|76020.0|4194213.0|810561.0|785561.0|25000.0|0.0|0.0|634995.0|22392415.0|22392415.0|8293317.0|1190128.0|9.77830446|11.38083484|0.03619802|1.0|-2095466.0|-2095466.0|-818458.0|-0.35740368|20290402.0|23126956.0|10.09906332|8154779.0
2015-03-31|9891554.0|9891554.0|7563444.0|2328110.0|776778.0|4175584.0|-3729985.0|-3729985.0|0.0|-3729985.0|-25000.0|-3704985.0|0.0|-3704985.0|-3704985.0|0.0|-1.6|-1.6|-1.6|2312887.0|2312887.0|0.0|-1369660.0|46067.0|-631906.0|0.0|0.0|0.0|0.0|0.0|0.0|-2001566.0|19906028.0|6760583.0|13145445.0|49427.0|49427.0|1788323.0|71547.0|3852182.0|1149031.0|1149031.0|0.0|0.0|0.0|968831.0|18756997.0|18756997.0|4588332.0|1259695.0|8.10977666|5.8837255|0.06125879|1.0|-3683918.0|-3683918.0|-1369660.0|-0.5921863|18636023.0|19834481.0|8.57563772|5611552.0
2016-03-31|13740840.0|13740840.0|9961410.0|3779430.0|665278.0|4480330.0|-2137792.0|-2137792.0|0.0|-2137792.0|0.0|-2137792.0|0.0|-2137792.0|-2137792.0|0.0|-0.92|-0.92|-0.92|2312887.0|2312887.0|0.0|-822957.0|37534.0|822367.0|0.0|313891.0|313891.0|0.0|0.0|0.0|313301.0|18510039.0|6585745.0|11924294.0|362728.0|362728.0|1929604.0|67075.0|3883247.0|2122144.0|2122144.0|0.0|313891.0|313891.0|1657446.0|16387895.0|16387895.0|2450540.0|1028385.0|7.08547153|3.10334501|0.12949461|1.0|-2100258.0|-2100258.0|-822957.0|-0.35581375|16271983.0|18442964.0|7.97400132|4463601.0
