Date|REVENUE|REVENUEUSD|COR|GP|RND|SGNA|EBIT|EBITUSD|INTEXP|EBT|TAXEXP|NETINC|PREFDIVIS|NETINCCMN|NETINCCMNUSD|NETINCDIS|EPS|EPSUSD|EPSDIL|SHARESWA|SHARESWADIL|DPS|NCFO|DEPAMOR|NCFI|CAPEX|NCFF|NCFDEBT|NCFCOMMON|NCFDIV|NCFX|NCF|ASSETS|ASSETSC|ASSETSNC|CASHNEQ|CASHNEQUSD|RECEIVABLES|INTANGIBLES|INVENTORY|LIABILITIES|LIABILITIESC|LIABILITIESNC|DEBT|DEBTUSD|PAYABLES|EQUITY|EQUITYUSD|RETEARN|ACCOCI|BVPS|CURRENTRATIO|DE|DILUTIONRATIO|EBITDA|EBITDAUSD|FCF|FCFPS|INVCAP|TANGIBLES|TBVPS|WORKINGCAPITAL
2009-05-31|2082800000.0|2082800000.0|680500000.0|1402300000.0|0.0|597100000.0|812100000.0|812100000.0|0.0|812100000.0|278600000.0|533500000.0|0.0|533500000.0|533500000.0|0.0|1.48|1.48|1.48|360800000.0|361000000.0|1.24|688800000.0|85800000.0|404500000.0|-64100000.0|-784700000.0|0.0|9000000.0|-447700000.0|0.0|308600000.0|5127415000.0|4239826000.0|887589000.0|472769000.0|472769000.0|205680000.0|509957000.0|0.0|3785937000.0|3701893000.0|84044000.0|0.0|0.0|37334000.0|1341478000.0|1341478000.0|829501000.0|41940000.0|3.71806541|1.14531295|2.82221326|1.00055432|897900000.0|897900000.0|624700000.0|1.73143016|442796000.0|4617458000.0|12.79783259|537933000.0
2010-05-31|2000800000.0|2000800000.0|653600000.0|1347200000.0|0.0|622400000.0|729300000.0|729300000.0|0.0|729300000.0|252300000.0|477000000.0|0.0|477000000.0|477000000.0|0.0|1.32|1.32|1.32|361400000.0|361700000.0|1.24|610900000.0|86500000.0|-401300000.0|-61300000.0|-398100000.0|0.0|8200000.0|-448600000.0|0.0|-188500000.0|5226300000.0|4159100000.0|1067200000.0|284300000.0|284300000.0|215300000.0|483200000.0|0.0|3824300000.0|3742200000.0|82100000.0|0.0|0.0|37300000.0|1402000000.0|1402000000.0|856300000.0|42400000.0|3.87935805|1.11140506|2.72774608|1.00083011|815800000.0|815800000.0|549600000.0|1.52075263|716600000.0|4743100000.0|13.12423907|416900000.0
2011-05-31|2084300000.0|2084300000.0|651500000.0|1432800000.0|0.0|646400000.0|792200000.0|792200000.0|0.0|792200000.0|276900000.0|515300000.0|0.0|515300000.0|515300000.0|0.0|1.42|1.42|1.42|361800000.0|362400000.0|1.24|715300000.0|88700000.0|-409500000.0|-100500000.0|-471100000.0|0.0|12600000.0|-448800000.0|0.0|-165300000.0|5393800000.0|4257900000.0|1135900000.0|119000000.0|119000000.0|190500000.0|590900000.0|0.0|3897600000.0|3788300000.0|109300000.0|0.0|0.0|45400000.0|1496200000.0|1496200000.0|919500000.0|37500000.0|4.13543394|1.12396062|2.60499933|1.00165837|880900000.0|880900000.0|614800000.0|1.69928137|895600000.0|4802900000.0|13.27501382|469600000.0
2012-05-31|2229800000.0|2229800000.0|670100000.0|1559700000.0|0.0|705800000.0|860300000.0|860300000.0|0.0|860300000.0|312300000.0|548000000.0|0.0|548000000.0|548000000.0|0.0|1.51|1.51|1.51|362400000.0|363000000.0|1.27|706600000.0|97800000.0|-1244300000.0|-89600000.0|527500000.0|0.0|7500000.0|-460500000.0|0.0|-10200000.0|6479600000.0|5075900000.0|1403700000.0|108800000.0|108800000.0|173000000.0|573200000.0|0.0|4875100000.0|4745700000.0|129400000.0|0.0|0.0|69700000.0|1604500000.0|1604500000.0|1002100000.0|37700000.0|4.42742826|1.06957878|3.03839202|1.00165563|958100000.0|958100000.0|617000000.0|1.70253863|1051900000.0|5906400000.0|16.29801325|330200000.0
2013-05-31|2326200000.0|2326200000.0|671300000.0|1654900000.0|0.0|750100000.0|911400000.0|911400000.0|0.0|911400000.0|342400000.0|569000000.0|0.0|569000000.0|569000000.0|0.0|1.56|1.56|1.56|363800000.0|364700000.0|1.31|675300000.0|98200000.0|181700000.0|-98700000.0|-858500000.0|0.0|72800000.0|-476700000.0|0.0|-1500000.0|6163700000.0|4832600000.0|1331100000.0|107300000.0|107300000.0|165800000.0|579100000.0|0.0|4390000000.0|4268200000.0|121800000.0|0.0|0.0|42700000.0|1773700000.0|1773700000.0|1088500000.0|22000000.0|4.87548103|1.13223373|2.47505215|1.00247389|1009600000.0|1009600000.0|576600000.0|1.58493678|1209100000.0|5584600000.0|15.35074217|564400000.0
2014-05-31|2518900000.0|2518900000.0|732500000.0|1786400000.0|0.0|803700000.0|988100000.0|988100000.0|0.0|988100000.0|360600000.0|627500000.0|0.0|627500000.0|627500000.0|0.0|1.72|1.72|1.71|364500000.0|366100000.0|1.4|880900000.0|105000000.0|-316100000.0|-84100000.0|-519600000.0|0.0|-136400000.0|-510600000.0|0.0|45200000.0|6370100000.0|5002500000.0|1367600000.0|152500000.0|152500000.0|185700000.0|580900000.0|0.0|4593100000.0|4438900000.0|154200000.0|0.0|0.0|48800000.0|1777000000.0|1777000000.0|957500000.0|21500000.0|4.87517147|1.12696839|2.58474958|1.00438957|1093100000.0|1093100000.0|796800000.0|2.18600823|1197800000.0|5789200000.0|15.88257888|563600000.0
2015-05-31|2739600000.0|2739600000.0|808000000.0|1931600000.0|0.0|878000000.0|1060000000.0|1060000000.0|0.0|1060000000.0|385100000.0|674900000.0|0.0|674900000.0|674900000.0|0.0|1.86|1.86|1.85|362900000.0|364600000.0|1.52|895200000.0|106600000.0|-285000000.0|-102800000.0|-592700000.0|0.0|-133900000.0|-551800000.0|0.0|17500000.0|6467500000.0|5088200000.0|1379300000.0|170000000.0|170000000.0|214500000.0|593900000.0|0.0|4682000000.0|4573000000.0|109000000.0|0.0|0.0|51700000.0|1785500000.0|1785500000.0|894300000.0|7500000.0|4.92008818|1.11266127|2.62223467|1.00468449|1166600000.0|1166600000.0|792400000.0|2.18352163|1130600000.0|5873600000.0|16.18517498|515200000.0
2016-05-31|2951900000.0|2951900000.0|857100000.0|2094800000.0|0.0|948200000.0|1151100000.0|1151100000.0|0.0|1151100000.0|394300000.0|756800000.0|0.0|756800000.0|756800000.0|0.0|2.1|2.1|2.09|360700000.0|362500000.0|1.68|1018200000.0|115100000.0|-63100000.0|-97700000.0|-993600000.0|0.0|-82300000.0|-606500000.0|0.0|-38500000.0|6440800000.0|4863600000.0|1577200000.0|131500000.0|131500000.0|444700000.0|726600000.0|0.0|4529100000.0|4365900000.0|163200000.0|0.0|0.0|56700000.0|1911700000.0|1911700000.0|926200000.0|29200000.0|5.29997228|1.11399711|2.36914788|1.0049903|1266200000.0|1266200000.0|920500000.0|2.55198226|1216800000.0|5714200000.0|15.84197394|497700000.0
