Date|REVENUE|REVENUEUSD|COR|GP|RND|SGNA|EBIT|EBITUSD|INTEXP|EBT|TAXEXP|NETINC|PREFDIVIS|NETINCCMN|NETINCCMNUSD|NETINCDIS|EPS|EPSUSD|EPSDIL|SHARESWA|SHARESWADIL|DPS|NCFO|DEPAMOR|NCFI|CAPEX|NCFF|NCFDEBT|NCFCOMMON|NCFDIV|NCFX|NCF|ASSETS|ASSETSC|ASSETSNC|CASHNEQ|CASHNEQUSD|RECEIVABLES|INTANGIBLES|INVENTORY|LIABILITIES|LIABILITIESC|LIABILITIESNC|DEBT|DEBTUSD|PAYABLES|EQUITY|EQUITYUSD|RETEARN|ACCOCI|BVPS|CURRENTRATIO|DE|DILUTIONRATIO|EBITDA|EBITDAUSD|FCF|FCFPS|INVCAP|TANGIBLES|TBVPS|WORKINGCAPITAL
2009-04-30|228516000.0|228516000.0|90348000.0|138168000.0|0.0|4430000.0|73540000.0|73540000.0|65014000.0|8526000.0|0.0|8526000.0|2372000.0|6154000.0|6154000.0|-266000.0|0.11|0.11|0.11|59154891.0||0.51|60135000.0|57832000.0|-54367000.0|-59077000.0|-26005000.0|12727000.0|5810000.0|-29009000.0|0.0|-20237000.0|1605091000.0|||33244000.0|33244000.0|18750000.0|53565000.0|0.0|1109947000.0|||1075658000.0|1075658000.0|32773000.0|333009000.0|333009000.0|-155956000.0|0.0|5.62944153||3.33308409||131372000.0|131372000.0|1058000.0|0.01788525|2593940000.0|1551526000.0|26.22819472|
2010-04-30|230943000.0|230943000.0|92530000.0|138413000.0|0.0|5716000.0|69443000.0|69443000.0|65442000.0|4001000.0|0.0|4001000.0|2372000.0|1629000.0|1629000.0|1509000.0|0.03|0.03|0.03|74200203.0||0.68|61412000.0|61184000.0|-78957000.0|-80069000.0|39092000.0|-14059000.0|108260000.0|-37323000.0|0.0|21547000.0|1660930000.0|||54791000.0|54791000.0|22236000.0|52088000.0|0.0|1104003000.0|||1064169000.0|1064169000.0|38514000.0|409523000.0|409523000.0|-201412000.0|0.0|5.5191628||2.69582661||130627000.0|130627000.0|-18657000.0|-0.25144136|2618220000.0|1608842000.0|21.68244742|
2011-04-30|234176000.0|234176000.0|98625000.0|135551000.0|0.0|6617000.0|82817000.0|82817000.0|62735000.0|20082000.0|0.0|20082000.0|2372000.0|17710000.0|17710000.0|-19978000.0|0.22|0.22|0.22|80056089.0||0.69|58774000.0|61344000.0|11684000.0|-36283000.0|-84058000.0|-43061000.0|19588000.0|-43234000.0|0.0|-13600000.0|1615363000.0|||41191000.0|41191000.0|24579000.0|50959000.0|0.0|1070086000.0|||1023803000.0|1023803000.0|37879000.0|411690000.0|411690000.0|-237563000.0|0.0|5.14251952||2.59925186||144161000.0|144161000.0|22491000.0|0.28094053|2547016000.0|1564404000.0|19.54134932|
2012-04-30|228671000.0|228671000.0|90007000.0|138664000.0|0.0|6694000.0|70013000.0|70013000.0|61801000.0|8212000.0|0.0|8212000.0|2372000.0|5840000.0|5840000.0|-1062000.0|0.07|0.07|0.07|86169534.0||0.56|65137000.0|61954000.0|-128265000.0|-80110000.0|61926000.0|62371000.0|47924000.0|-36477000.0|0.0|-1202000.0|1714367000.0|||39989000.0|39989000.0|30325000.0|45708000.0|0.0|1149104000.0|||1087689000.0|1087689000.0|47403000.0|432989000.0|432989000.0|-278377000.0|0.0|5.0248502||2.65388728||131967000.0|131967000.0|-14973000.0|-0.17376211|2716359000.0|1668659000.0|19.36483723|
2013-04-30|248058000.0|248058000.0|95325000.0|152733000.0|0.0|8494000.0|86684000.0|86684000.0|61154000.0|25530000.0|0.0|25530000.0|9229000.0|16301000.0|16301000.0|-9295000.0|0.17|0.17|0.17|94619953.0||0.52|77718000.0|67559000.0|-134142000.0|-83929000.0|110568000.0|-30895000.0|86140000.0|-36463000.0|0.0|54144000.0|1889554000.0|||94133000.0|94133000.0|30888000.0|41563000.0|0.0|1128173000.0|||1059206000.0|1059206000.0|50797000.0|612787000.0|612787000.0|-310341000.0|0.0|6.47629787||1.84105244||154243000.0|154243000.0|-6211000.0|-0.06564155|2813064000.0|1847991000.0|19.53066918|
2014-04-30|164590000.0|164590000.0|69256000.0|95334000.0|0.0|10743000.0|20555000.0|20555000.0|33729000.0|-13174000.0|0.0|-13174000.0|11514000.0|-24688000.0|-24688000.0|22838000.0|-0.23|-0.23|-0.23|107263423.0||0.52|92514000.0|73723000.0|-121834000.0|-149718000.0|-17546000.0|6622000.0|41194000.0|-40764000.0|0.0|-46866000.0|1869221000.0|||47267000.0|47267000.0|37302000.0|33739000.0|0.0|1142472000.0|||1083367000.0|1083367000.0|59105000.0|592184000.0|592184000.0|-389758000.0|0.0|5.52083817||1.92925172||94278000.0|94278000.0|-57204000.0|-0.53330388|2871582000.0|1835482000.0|17.11190962|
2015-04-30|179321000.0|179321000.0|73137000.0|106184000.0|0.0|11824000.0|58534000.0|58534000.0|34447000.0|24087000.0|0.0|24087000.0|11514000.0|12573000.0|12573000.0|-9178000.0|0.11|0.11|0.11|122600010.0||0.52|114179000.0|72078000.0|-176407000.0|-210418000.0|63931000.0|82085000.0|48701000.0|-45728000.0|0.0|1703000.0|1997837000.0|||48970000.0|48970000.0|8894000.0|3106000.0|0.0|1250515000.0|||793676000.0|793676000.0|55540000.0|652110000.0|652110000.0|-438432000.0|0.0|5.31900446||1.91764426||130612000.0|130612000.0|-96239000.0|-0.78498362|2739437000.0|1994731000.0|16.27023521|
2016-04-30|188320000.0|188320000.0|79100000.0|109220000.0|0.0|11267000.0|107774000.0|107774000.0|35768000.0|72006000.0|0.0|72006000.0|11514000.0|60492000.0|60492000.0|-57322000.0|0.49|0.49|0.49|121054247.0||0.52|66493000.0|65455000.0|134252000.0|-151777000.0|-183017000.0|-64923000.0|-33507000.0|-60063000.0|0.0|17728000.0|1755022000.0|||66698000.0|66698000.0|8703000.0|3538000.0|0.0|1029238000.0|||912023000.0|912023000.0|39727000.0|618758000.0|618758000.0|-442000000.0|0.0|5.11141092||1.66339344||173229000.0|173229000.0|-85284000.0|-0.7045106|2596809000.0|1751484000.0|14.46858779|
