Date|REVENUE|REVENUEUSD|COR|GP|RND|SGNA|EBIT|EBITUSD|INTEXP|EBT|TAXEXP|NETINC|PREFDIVIS|NETINCCMN|NETINCCMNUSD|NETINCDIS|EPS|EPSUSD|EPSDIL|SHARESWA|SHARESWADIL|DPS|NCFO|DEPAMOR|NCFI|CAPEX|NCFF|NCFDEBT|NCFCOMMON|NCFDIV|NCFX|NCF|ASSETS|ASSETSC|ASSETSNC|CASHNEQ|CASHNEQUSD|RECEIVABLES|INTANGIBLES|INVENTORY|LIABILITIES|LIABILITIESC|LIABILITIESNC|DEBT|DEBTUSD|PAYABLES|EQUITY|EQUITYUSD|RETEARN|ACCOCI|BVPS|CURRENTRATIO|DE|DILUTIONRATIO|EBITDA|EBITDAUSD|FCF|FCFPS|INVCAP|TANGIBLES|TBVPS|WORKINGCAPITAL
2009-06-30|322646000.0|322646000.0|267026000.0|55620000.0|0.0|43727000.0|12830000.0|12830000.0|98000.0|12732000.0|4103000.0|8629000.0|0.0|8629000.0|8629000.0|0.0|0.35|0.35|0.35|24487000.0|24978000.0|0.2|22511000.0|1866000.0|-4063000.0|-2671000.0|-4261000.0|-500000.0|1020000.0|-4949000.0|-2941000.0|11246000.0|205464000.0|171646000.0|33818000.0|57761000.0|57761000.0|57357000.0|13379000.0|54402000.0|63896000.0|46937000.0|16959000.0|0.0|0.0|25126000.0|141568000.0|141568000.0|85450000.0|7525000.0|5.78135337|3.65694441|0.45134494|1.02005146|14696000.0|14696000.0|19840000.0|0.81022583|87387000.0|192085000.0|7.8443664|124709000.0
2010-06-30|346631000.0|346631000.0|292476000.0|54155000.0|0.0|44717000.0|10433000.0|10433000.0|230000.0|10203000.0|3622000.0|6581000.0|0.0|6581000.0|6581000.0|0.0|0.26|0.26|0.26|24979000.0|25224000.0|0.2|-15499000.0|2796000.0|-6109000.0|-8018000.0|-2441000.0|550000.0|1714000.0|-5067000.0|-2862000.0|-26911000.0|231851000.0|195553000.0|36298000.0|30850000.0|30850000.0|85678000.0|14090000.0|74857000.0|92207000.0|74629000.0|17578000.0|550000.0|550000.0|39970000.0|139644000.0|139644000.0|86958000.0|953000.0|5.59045598|2.62033526|0.66030048|1.00980824|13229000.0|13229000.0|-23517000.0|-0.94147084|112832000.0|217761000.0|8.71776292|120924000.0
2011-06-30|412428000.0|412428000.0|346590000.0|65838000.0|0.0|49288000.0|18532000.0|18532000.0|1570000.0|16962000.0|7994000.0|8968000.0|0.0|8968000.0|8968000.0|0.0|0.35|0.35|0.34|25906000.0|26098000.0|0.2|14038000.0|5502000.0|-69200000.0|-7478000.0|49974000.0|54447000.0|616000.0|-5206000.0|3002000.0|-2186000.0|311665000.0|198615000.0|113050000.0|28664000.0|28664000.0|89108000.0|84283000.0|77433000.0|150844000.0|83186000.0|67658000.0|54997000.0|54997000.0|44614000.0|160821000.0|160821000.0|90713000.0|7743000.0|6.2078669|2.38760128|0.93796208|1.00741141|24034000.0|24034000.0|6560000.0|0.25322319|170529000.0|227382000.0|8.77719447|115429000.0
2012-06-30|444388000.0|444388000.0|362356000.0|82032000.0|0.0|55092000.0|27367000.0|27367000.0|2627000.0|24740000.0|7759000.0|16981000.0|0.0|16981000.0|16981000.0|0.0|0.64|0.64|0.63|26587000.0|26812000.0|0.2|14981000.0|6942000.0|-1754000.0|-1824000.0|-15295000.0|-9232000.0|620000.0|-5331000.0|-1734000.0|-3802000.0|299280000.0|191969000.0|107311000.0|24862000.0|24862000.0|77723000.0|78746000.0|84687000.0|131277000.0|73641000.0|57636000.0|45765000.0|45765000.0|42007000.0|168003000.0|168003000.0|102344000.0|1319000.0|6.31899048|2.60682229|0.78139676|1.00846278|34309000.0|34309000.0|13157000.0|0.49486591|167796000.0|220534000.0|8.29480573|118328000.0
2013-06-30|499690000.0|499690000.0|401419000.0|98271000.0|0.0|61021000.0|36672000.0|36672000.0|2122000.0|34550000.0|12222000.0|22328000.0|0.0|22328000.0|22328000.0|0.0|0.83|0.83|0.81|27050000.0|27450000.0|0.22|25476000.0|6944000.0|-3196000.0|-2527000.0|-14306000.0|-13696000.0|6257000.0|-6016000.0|395000.0|8369000.0|323430000.0|218300000.0|105130000.0|33231000.0|33231000.0|95391000.0|74357000.0|83849000.0|128790000.0|89907000.0|38883000.0|32069000.0|32069000.0|39222000.0|194640000.0|194640000.0|118615000.0|2902000.0|7.19556377|2.42806456|0.66168311|1.01478743|43616000.0|43616000.0|22949000.0|0.84839187|158004000.0|249073000.0|9.20787431|128393000.0
2014-06-30|510179000.0|510179000.0|395476000.0|114703000.0|5222000.0|65209000.0|46774000.0|46774000.0|2100000.0|44674000.0|15674000.0|29000000.0|0.0|29000000.0|29000000.0|0.0|1.04|1.04|1.02|28001000.0|28563000.0|0.24|25056000.0|8091000.0|-86633000.0|-1891000.0|70533000.0|73432000.0|3655000.0|-6806000.0|710000.0|9666000.0|467984000.0|276354000.0|191630000.0|42897000.0|42897000.0|127982000.0|154471000.0|100683000.0|234400000.0|118523000.0|115877000.0|105501000.0|105501000.0|48716000.0|233584000.0|233584000.0|140768000.0|5372000.0|8.34198779|2.33164871|1.00349339|1.02007071|54865000.0|54865000.0|23165000.0|0.82729188|257594000.0|313513000.0|11.19649298|157831000.0
2015-06-30|546951000.0|546951000.0|411517000.0|135434000.0|5942000.0|73159000.0|57819000.0|57819000.0|3954000.0|53865000.0|20382000.0|33483000.0|0.0|33483000.0|33483000.0|0.0|1.17|1.17|1.14|28731000.0|29247000.0|0.24|8343000.0|11849000.0|-4901000.0|-2181000.0|-8245000.0|4656000.0|1273000.0|-6964000.0|-4074000.0|-8877000.0|489774000.0|310310000.0|179464000.0|34020000.0|34020000.0|172132000.0|146867000.0|95596000.0|235563000.0|125000000.0|110563000.0|110157000.0|110157000.0|54962000.0|254211000.0|254211000.0|167208000.0|-7096000.0|8.84796909|2.48248|0.92664361|1.0179597|69668000.0|69668000.0|6162000.0|0.21447217|294044000.0|342907000.0|11.93508754|185310000.0
2016-06-30|558524000.0|558524000.0|415739000.0|142785000.0|7937000.0|76820000.0|60851000.0|60851000.0|6997000.0|53854000.0|19088000.0|34766000.0|0.0|34766000.0|34766000.0|0.0|1.19|1.19|1.18|29110000.0|29581000.0|0.24|31831000.0|12698000.0|-9894000.0|-12377000.0|10855000.0|31400000.0|729000.0|-7084000.0|16000.0|32808000.0|540778000.0|352661000.0|188117000.0|66828000.0|66828000.0|180262000.0|146942000.0|98107000.0|236336000.0|98906000.0|137430000.0|118789000.0|118789000.0|46034000.0|304442000.0|304442000.0|194804000.0|-6325000.0|10.45833047|3.56561786|0.77629236|1.01618001|73549000.0|73549000.0|19454000.0|0.66829268|346891000.0|393836000.0|13.52923394|253755000.0
