Date|REVENUE|REVENUEUSD|COR|GP|RND|SGNA|EBIT|EBITUSD|INTEXP|EBT|TAXEXP|NETINC|PREFDIVIS|NETINCCMN|NETINCCMNUSD|NETINCDIS|EPS|EPSUSD|EPSDIL|SHARESWA|SHARESWADIL|DPS|NCFO|DEPAMOR|NCFI|CAPEX|NCFF|NCFDEBT|NCFCOMMON|NCFDIV|NCFX|NCF|ASSETS|ASSETSC|ASSETSNC|CASHNEQ|CASHNEQUSD|RECEIVABLES|INTANGIBLES|INVENTORY|LIABILITIES|LIABILITIESC|LIABILITIESNC|DEBT|DEBTUSD|PAYABLES|EQUITY|EQUITYUSD|RETEARN|ACCOCI|BVPS|CURRENTRATIO|DE|DILUTIONRATIO|EBITDA|EBITDAUSD|FCF|FCFPS|INVCAP|TANGIBLES|TBVPS|WORKINGCAPITAL
2009-06-30|30423000000.0|30423000000.0|19563000000.0|10860000000.0|0.0|6164000000.0|-4680000000.0|-4680000000.0|927000000.0|-5607000000.0|-2229000000.0|-3378000000.0|0.0|-3378000000.0|-3378000000.0|0.0|-1.14|-1.14|-1.14|2957916000.0|2957916000.0|0.11|2248000000.0|1138000000.0|-627000000.0|-1101000000.0|315000000.0|697000000.0|4000000.0|-366000000.0|-58000000.0|1936000000.0|53121000000.0|15836000000.0|37285000000.0|6540000000.0|6540000000.0|6569000000.0|23307000000.0|5655000000.0|29489000000.0|10639000000.0|18850000000.0|14289000000.0|14289000000.0|5279000000.0|22473000000.0|22473000000.0|5844000000.0|0.0|7.59757884|1.48848576|1.31219686|1.0|-3542000000.0|-3542000000.0|1147000000.0|0.38777301|26924000000.0|29814000000.0|10.07939374|5197000000.0
2010-06-30|32778000000.0|32778000000.0|21015000000.0|11763000000.0|0.0|6619000000.0|4209000000.0|4209000000.0|991000000.0|3218000000.0|679000000.0|2539000000.0|0.0|2539000000.0|2539000000.0|0.0|0.86|0.86|0.86|2964708000.0|2974896000.0|0.12|3854000000.0|1185000000.0|-313000000.0|-914000000.0|-1445000000.0|-1053000000.0|24000000.0|-418000000.0|73000000.0|2096000000.0|54384000000.0|18024000000.0|36360000000.0|8709000000.0|8709000000.0|6777000000.0|22055000000.0|5646000000.0|28843000000.0|8862000000.0|19981000000.0|13320000000.0|13320000000.0|5204000000.0|25113000000.0|25113000000.0|7679000000.0|0.0|8.47064871|2.0338524|1.14852865|1.00343643|5394000000.0|5394000000.0|2940000000.0|0.99166596|28078000000.0|32329000000.0|10.90461523|9162000000.0
2011-06-30|24232000000.0|24232000000.0|15745000000.0|8487000000.0|0.0|3759000000.0|4374000000.0|4374000000.0|962000000.0|3412000000.0|673000000.0|2739000000.0|0.0|2739000000.0|2739000000.0|-443000000.0|1.04|1.04|1.01|2973344671.0||0.13|3038000000.0|777000000.0|-1369000000.0|-622000000.0|1383000000.0|1914000000.0|12000000.0|-490000000.0|387000000.0|3584000000.0|61980000000.0|21784000000.0|40196000000.0|12680000000.0|12680000000.0|6680000000.0|23284000000.0|6530000000.0|31333000000.0|9571000000.0|21762000000.0|15495000000.0|15495000000.0|5773000000.0|30069000000.0|30069000000.0|12608000000.0|0.0|10.11285382|2.27604221|1.04203665||5151000000.0|5151000000.0|2416000000.0|0.81255296|31940000000.0|38696000000.0|13.01430015|12213000000.0
2012-06-30|25051000000.0|25051000000.0|15663000000.0|9388000000.0|0.0|3719000000.0|3305000000.0|3305000000.0|1032000000.0|2273000000.0|1094000000.0|1179000000.0|0.0|1179000000.0|1179000000.0|1997000000.0|0.47|0.47|0.47|2741237222.0||0.16|2834000000.0|711000000.0|-766000000.0|-564000000.0|-5102000000.0|-35000000.0|-4422000000.0|-580000000.0|-308000000.0|-2746000000.0|56663000000.0|19448000000.0|37215000000.0|9626000000.0|9626000000.0|6995000000.0|20307000000.0|7191000000.0|31478000000.0|9617000000.0|21861000000.0|15455000000.0|15455000000.0|5405000000.0|24684000000.0|24684000000.0|8521000000.0|0.0|9.00469314|2.02225226|1.27523902||4016000000.0|4016000000.0|2270000000.0|0.82809324|32568000000.0|36356000000.0|13.26262452|9831000000.0
2013-06-30|27675000000.0|27675000000.0|17496000000.0|10179000000.0|0.0|4007000000.0|9850000000.0|9850000000.0|1063000000.0|8787000000.0|1690000000.0|7097000000.0|0.0|7097000000.0|7097000000.0|-277000000.0|3.03|3.03|3.03|2620062690.0||0.15|3002000000.0|797000000.0|86000000.0|-622000000.0|-4571000000.0|523000000.0|-1823000000.0|-613000000.0|-53000000.0|-2914000000.0|50944000000.0|15567000000.0|35377000000.0|6659000000.0|6659000000.0|5896000000.0|22319000000.0|8155000000.0|30819000000.0|8435000000.0|22384000000.0|16458000000.0|16458000000.0|4434000000.0|16998000000.0|16998000000.0|1454000000.0|0.0|6.48763103|1.8455246|1.81309566||10647000000.0|10647000000.0|2380000000.0|0.90837521|29989000000.0|28625000000.0|10.9253111|7132000000.0
2014-06-30|31867000000.0|31867000000.0|21108000000.0|10759000000.0|0.0|4129000000.0|6907000000.0|6907000000.0|1121000000.0|5786000000.0|1272000000.0|4514000000.0|0.0|4514000000.0|4514000000.0|-729000000.0|1.99|1.99|1.99|2226358665.0||4.1|2964000000.0|1142000000.0|-935000000.0|-678000000.0|-3776000000.0|859000000.0|-3706000000.0|-802000000.0|-68000000.0|-1176000000.0|54793000000.0|15376000000.0|39417000000.0|5415000000.0|5415000000.0|6922000000.0|26124000000.0|9534000000.0|33892000000.0|8856000000.0|25036000000.0|19058000000.0|19058000000.0|4183000000.0|17418000000.0|17418000000.0|2389000000.0|-34000000.0|7.82353727|1.73622403|1.94580319||8049000000.0|8049000000.0|2286000000.0|1.02678874|33456000000.0|28669000000.0|12.87708061|6520000000.0
2015-06-30|28987000000.0|28987000000.0|18561000000.0|10426000000.0|0.0|3784000000.0|10747000000.0|10747000000.0|1198000000.0|9549000000.0|1243000000.0|8306000000.0|0.0|8306000000.0|8306000000.0|67000000.0|3.91|3.91|3.9|2057460556.0||0.28|3617000000.0|736000000.0|6736000000.0|-424000000.0|-7102000000.0|316000000.0|-5888000000.0|-878000000.0|-189000000.0|3202000000.0|50039000000.0|17348000000.0|32691000000.0|8428000000.0|8428000000.0|6306000000.0|18833000000.0|9160000000.0|31853000000.0|7042000000.0|24811000000.0|19039000000.0|19039000000.0|3717000000.0|17220000000.0|17220000000.0|5343000000.0|-1570000000.0|8.36954077|2.46350469|1.84976771||11483000000.0|11483000000.0|3193000000.0|1.55191311|34775000000.0|31206000000.0|15.16724095|10306000000.0
2016-06-30|27326000000.0|27326000000.0|17129000000.0|10197000000.0|0.0|3675000000.0|5069000000.0|5069000000.0|1184000000.0|3885000000.0|1130000000.0|2755000000.0|0.0|2755000000.0|2755000000.0|8000000.0|1.42|1.42|1.42|1894246923.0||0.3|3048000000.0|530000000.0|-1638000000.0|-263000000.0|-5330000000.0|673000000.0|-4892000000.0|-821000000.0|-64000000.0|-3940000000.0|48193000000.0|14949000000.0|33244000000.0|4424000000.0|4424000000.0|6647000000.0|19510000000.0|10332000000.0|33312000000.0|7068000000.0|26244000000.0|19553000000.0|19553000000.0|3181000000.0|13661000000.0|13661000000.0|3575000000.0|-2144000000.0|7.21183698|2.11502547|2.43847449||5599000000.0|5599000000.0|2785000000.0|1.47024127|36744000000.0|28683000000.0|15.14216529|7881000000.0
