Date|REVENUE|REVENUEUSD|COR|GP|RND|SGNA|EBIT|EBITUSD|INTEXP|EBT|TAXEXP|NETINC|PREFDIVIS|NETINCCMN|NETINCCMNUSD|NETINCDIS|EPS|EPSUSD|EPSDIL|SHARESWA|SHARESWADIL|DPS|NCFO|DEPAMOR|NCFI|CAPEX|NCFF|NCFDEBT|NCFCOMMON|NCFDIV|NCFX|NCF|ASSETS|ASSETSC|ASSETSNC|CASHNEQ|CASHNEQUSD|RECEIVABLES|INTANGIBLES|INVENTORY|LIABILITIES|LIABILITIESC|LIABILITIESNC|DEBT|DEBTUSD|PAYABLES|EQUITY|EQUITYUSD|RETEARN|ACCOCI|BVPS|CURRENTRATIO|DE|DILUTIONRATIO|EBITDA|EBITDAUSD|FCF|FCFPS|INVCAP|TANGIBLES|TBVPS|WORKINGCAPITAL
2009-06-30|745593000.0|745593000.0|446194000.0|299399000.0|42901000.0|98612000.0|158667000.0|158667000.0|1357000.0|157310000.0|54208000.0|103102000.0|0.0|103102000.0|103102000.0|0.0|1.23|1.23|1.22|84118000.0|84830000.0|0.32|206588000.0|64147000.0|-59227000.0|-56246000.0|-94675000.0|-13489000.0|-53796000.0|-26903000.0|0.0|52686000.0|1050700000.0|359646000.0|691054000.0|118251000.0|118251000.0|192733000.0|434528000.0|0.0|424194000.0|344407000.0|79787000.0|63461000.0|63461000.0|8206000.0|626506000.0|626506000.0|636733000.0|0.0|7.44794218|1.04424707|0.67707891|1.0084643|222814000.0|222814000.0|150342000.0|1.78727502|216975000.0|616172000.0|7.32509094|15239000.0
2010-06-30|836586000.0|836586000.0|491466000.0|345120000.0|50820000.0|112047000.0|182414000.0|182414000.0|1618000.0|180796000.0|62926000.0|117870000.0|0.0|117870000.0|117870000.0|0.0|1.39|1.39|1.38|84558000.0|85381000.0|0.36|218698000.0|71508000.0|-505715000.0|-80095000.0|294284000.0|303160000.0|33157000.0|-30461000.0|0.0|7267000.0|1560560000.0|393102000.0|1167458000.0|125518000.0|125518000.0|208450000.0|856310000.0|0.0|810188000.0|444385000.0|365803000.0|378695000.0|378695000.0|13500000.0|750372000.0|750372000.0|724142000.0|0.0|8.87405095|0.88459781|1.07971513|1.00973296|253922000.0|253922000.0|138603000.0|1.63914709|513042000.0|704250000.0|8.32860285|-51283000.0
2011-06-30|966897000.0|966897000.0|567563000.0|399334000.0|63395000.0|119622000.0|216442000.0|216442000.0|8930000.0|207512000.0|70041000.0|137471000.0|0.0|137471000.0|137471000.0|0.0|1.6|1.6|1.59|85948000.0|86687000.0|0.4|240132000.0|90514000.0|-59038000.0|-59039000.0|-243487000.0|-229455000.0|21832000.0|-34391000.0|0.0|-62393000.0|1505797000.0|353950000.0|1151847000.0|63125000.0|63125000.0|207510000.0|834086000.0|0.0|626021000.0|380511000.0|245510000.0|154031000.0|154031000.0|12829000.0|879776000.0|879776000.0|827222000.0|0.0|10.23614278|0.9301965|0.71156863|1.00859822|306956000.0|306956000.0|181093000.0|2.10700656|382106000.0|671711000.0|7.81531856|-26561000.0
2012-06-30|1017667000.0|1017667000.0|598844000.0|418823000.0|60876000.0|126355000.0|232768000.0|232768000.0|5743000.0|227025000.0|74985000.0|152040000.0|0.0|152040000.0|152040000.0|0.0|1.76|1.76|1.74|86599000.0|87287000.0|0.44|264550000.0|94619000.0|-76262000.0|-79314000.0|-94100000.0|-35280000.0|-20045000.0|-38128000.0|0.0|94188000.0|1619492000.0|468649000.0|1150843000.0|157313000.0|157313000.0|218305000.0|822246000.0|0.0|636436000.0|402243000.0|234193000.0|131669000.0|131669000.0|16317000.0|983056000.0|983056000.0|944078000.0|0.0|11.351817|1.16508926|0.64740564|1.00794466|327387000.0|327387000.0|185236000.0|2.13900853|369359000.0|797246000.0|9.20618021|66406000.0
2013-06-30|1107524000.0|1107524000.0|646130000.0|461394000.0|63202000.0|147435000.0|251397000.0|251397000.0|6337000.0|245060000.0|77450000.0|167610000.0|0.0|167610000.0|167610000.0|0.0|1.95|1.95|1.94|86040000.0|86619000.0|0.56|309174000.0|100341000.0|-97244000.0|-97588000.0|-241338000.0|-145180000.0|-47651000.0|-48202000.0|0.0|-29408000.0|1672386000.0|456119000.0|1216267000.0|127905000.0|127905000.0|231263000.0|822450000.0|0.0|656570000.0|434202000.0|222368000.0|15295000.0|15295000.0|11701000.0|1015816000.0|1015816000.0|1016168000.0|0.0|11.80632264|1.05047651|0.64634737|1.00672943|351738000.0|351738000.0|211586000.0|2.45915853|303124000.0|849936000.0|9.87838215|21917000.0
2014-06-30|1173173000.0|1173173000.0|679372000.0|493801000.0|66748000.0|138755000.0|288675000.0|288675000.0|1105000.0|287570000.0|100855000.0|186715000.0|0.0|186715000.0|186715000.0|0.0|2.2|2.2|2.19|84866000.0|85396000.0|0.84|341659000.0|107771000.0|-131780000.0|-111667000.0|-267407000.0|-22158000.0|-170806000.0|-71251000.0|0.0|-57528000.0|1680703000.0|390506000.0|1290197000.0|70377000.0|70377000.0|224041000.0|875407000.0|0.0|713316000.0|446809000.0|266507000.0|9136000.0|9136000.0|10516000.0|967387000.0|967387000.0|1131632000.0|0.0|11.39899371|0.87398866|0.73736364|1.00624514|396446000.0|396446000.0|229992000.0|2.71006057|297246000.0|805296000.0|9.48902976|-56303000.0
2015-06-30|1256190000.0|1256190000.0|720336000.0|535854000.0|71495000.0|153368000.0|318034000.0|318034000.0|1594000.0|316440000.0|105219000.0|211221000.0|0.0|211221000.0|211221000.0|0.0|2.6|2.6|2.59|81353000.0|81601000.0|0.94|373790000.0|118996000.0|-136984000.0|-145301000.0|-158870000.0|39217000.0|-117168000.0|-76410000.0|0.0|77936000.0|1836835000.0|493499000.0|1343336000.0|148313000.0|148313000.0|245387000.0|898149000.0|0.0|845301000.0|443611000.0|401690000.0|52697000.0|52697000.0|9933000.0|991534000.0|991534000.0|1266443000.0|0.0|12.18804469|1.11245889|0.85251842|1.00304844|437030000.0|437030000.0|228489000.0|2.80861185|399459000.0|938686000.0|11.53843128|49888000.0
2016-06-30|1354646000.0|1354646000.0|773651000.0|580995000.0|81234000.0|157593000.0|361966000.0|361966000.0|1430000.0|360536000.0|111669000.0|248867000.0|0.0|248867000.0|248867000.0|0.0|3.13|3.13|3.12|79416000.0|79734000.0|1.06|365116000.0|129648000.0|-135963000.0|-164562000.0|-307156000.0|-52500000.0|-169254000.0|-84118000.0|0.0|-78003000.0|1815512000.0|431929000.0|1383583000.0|70310000.0|70310000.0|253923000.0|914759000.0|0.0|819302000.0|443732000.0|375570000.0|200000.0|200000.0|14596000.0|996210000.0|996210000.0|1431192000.0|0.0|12.54419764|0.97340061|0.82241897|1.00400423|491614000.0|491614000.0|200554000.0|2.52536013|386911000.0|900753000.0|11.34221064|-11803000.0
