Date|REVENUE|REVENUEUSD|COR|GP|RND|SGNA|EBIT|EBITUSD|INTEXP|EBT|TAXEXP|NETINC|PREFDIVIS|NETINCCMN|NETINCCMNUSD|NETINCDIS|EPS|EPSUSD|EPSDIL|SHARESWA|SHARESWADIL|DPS|NCFO|DEPAMOR|NCFI|CAPEX|NCFF|NCFDEBT|NCFCOMMON|NCFDIV|NCFX|NCF|ASSETS|ASSETSC|ASSETSNC|CASHNEQ|CASHNEQUSD|RECEIVABLES|INTANGIBLES|INVENTORY|LIABILITIES|LIABILITIESC|LIABILITIESNC|DEBT|DEBTUSD|PAYABLES|EQUITY|EQUITYUSD|RETEARN|ACCOCI|BVPS|CURRENTRATIO|DE|DILUTIONRATIO|EBITDA|EBITDAUSD|FCF|FCFPS|INVCAP|TANGIBLES|TBVPS|WORKINGCAPITAL
2009-06-30|11351774.0|11351774.0|0.0|11351774.0|13356751.0|5296859.0|-6517549.0|-6517549.0|26159.0|-6543708.0|-1741476.0|-4802232.0|0.0|-4802232.0|-4802232.0|0.0|-0.56|-0.56|-0.56|8637030.0|8637030.0|0.0|-5443597.0|1364644.0|663617.0|663617.0|-263128.0|-263128.0|0.0|0.0|0.0|-5043108.0|13199811.0|8819664.0|4380147.0|4853662.0|4853662.0|508528.0|0.0|0.0|9886312.0|8670332.0|1215980.0|121629.0|121629.0|206363.0|3313499.0|3313499.0|-207381670.0|116111.0|0.3836387|1.01722333|2.9836472|1.0|-5152905.0|-5152905.0|-4779980.0|-0.55342867|-202554.0|13199811.0|1.52828125|149332.0
2010-06-30|14180727.0|14180727.0|0.0|14180727.0|12293910.0|4901203.0|-2777751.0|-2777751.0|13165.0|-2790916.0|-998408.0|-1792508.0|0.0|-1792508.0|-1792508.0|0.0|-0.18|-0.18|-0.18|9861215.0|9861215.0|0.0|-5729744.0|1269413.0|38005.0|38005.0|6718507.0|-87675.0|6972043.0|0.0|0.0|1026768.0|12388877.0|9263811.0|3125066.0|5880430.0|5880430.0|2879.0|0.0|0.0|3070604.0|2394931.0|675673.0|33954.0|33954.0|155795.0|9318273.0|9318273.0|-209174178.0|138650.0|0.94494167|3.86809098|0.32952501|1.0|-1508338.0|-1508338.0|-5691739.0|-0.57718435|4147470.0|12388877.0|1.25632359|6868880.0
2011-06-30|1475457.0|1475457.0|0.0|1475457.0|10377019.0|4751824.0|-13442714.0|-13442714.0|10606.0|-13453320.0|-637391.0|-12815929.0|0.0|-12815929.0|-12815929.0|0.0|-0.64|-0.64|-0.64|20084022.0|20084022.0|0.0|-11030234.0|1138183.0|3448185.0|5300.0|21046258.0|-22960.0|21095414.0|0.0|0.0|13464209.0|21172853.0|19262735.0|1910118.0|19219639.0|19219639.0|131149.0|0.0|0.0|2981078.0|2806037.0|175041.0|77109.0|77109.0|496908.0|18191775.0|18191775.0|-221990107.0|0.0|0.90578346|6.86474733|0.16386955|1.0|-12304531.0|-12304531.0|-11024934.0|-0.54894055|-775714.0|21172853.0|1.05421379|16456698.0
2012-06-30|73736.0|73736.0|0.0|73736.0|13813376.0|5045741.0|-18311000.0|-18311000.0|10411.0|-18321411.0|-1068233.0|-17253178.0|0.0|-17253178.0|-17253178.0|0.0|-0.49|-0.49|-0.49|34900591.0|34900591.0|0.0|-15486902.0|949542.0|479384.0|479384.0|-34923.0|-34923.0|0.0|0.0|0.0|-15042441.0|5380484.0|4736839.0|643645.0|4177198.0|4177198.0|27631.0|0.0|0.0|3549586.0|3457000.0|92586.0|42186.0|42186.0|294894.0|1830898.0|1830898.0|-239243285.0|0.0|0.05246037|1.37021666|1.93871313|1.0|-17361458.0|-17361458.0|-15007518.0|-0.43000756|-2211528.0|5380484.0|0.15416599|1279839.0
2013-06-30|10361.0|10361.0|0.0|10361.0|10528691.0|5066830.0|-22606971.0|-22606971.0|8411.0|-22615382.0|-1753208.0|-20862174.0|0.0|-20862174.0|-20862174.0|0.0|-0.21|-0.21|-0.21|97618714.0|97618714.0|0.0|-13649370.0|111844.0|-5303276.0|-54987.0|34293080.0|-22277.0|34402768.0|0.0|0.0|15340434.0|25074099.0|24749553.0|324546.0|19167632.0|19167632.0|0.0|0.0|0.0|2095822.0|2060362.0|35460.0|19909.0|19909.0|338726.0|22978277.0|22978277.0|-260105459.0|0.0|0.23538803|12.01223523|0.09120884|1.0|-22495127.0|-22495127.0|-13704357.0|-0.14038658|3866014.0|25074099.0|0.2568575|22689191.0
2014-06-30|0.0|0.0|0.0|0.0|10826921.0|4960731.0|-15768729.0|-15768729.0|6211.0|-15774940.0|-1846646.0|-13928294.0|0.0|-13928294.0|-13928294.0|0.0|-0.13|-0.13|-0.13|106679476.0|106679476.0|0.0|-12207656.0|111906.0|5243415.0|-6239.0|-18786.0|-19909.0|37500.0|0.0|0.0|-6983027.0|12559054.0|12340998.0|218056.0|12184605.0|12184605.0|0.0|0.0|0.0|2770238.0|2770238.0|0.0|0.0|0.0|261280.0|9788816.0|9788816.0|-274033753.0|0.0|0.09175913|4.45485117|0.28300031|1.0|-15656823.0|-15656823.0|-12213895.0|-0.11449152|-2395789.0|12559054.0|0.11772699|9570760.0
2015-06-30|12951730.0|12951730.0|0.0|12951730.0|24560233.0|5677654.0|-17535374.0|-17535374.0|661697.0|-18197071.0|-531508.0|-17665563.0|0.0|-17665563.0|-17665563.0|0.0|-0.15|-0.15|-0.15|121014506.0|121014506.0|0.0|-13358042.0|117590.0|0.0|0.0|28472705.0|9778254.0|18810259.0|0.0|0.0|15114663.0|29474452.0|29196015.0|278437.0|27299268.0|27299268.0|0.0|0.0|0.0|17269977.0|7355838.0|9914139.0|9848706.0|9848706.0|1106484.0|12204475.0|12204475.0|-291699316.0|0.0|0.10085134|3.96909434|1.41505284|1.0|-17417784.0|-17417784.0|-13358042.0|-0.11038381|4668052.0|29474452.0|0.24356131|21840177.0
2016-06-30|0.0|0.0|0.0|0.0|43071051.0|6179084.0|-49199909.0|-49199909.0|2513027.0|-51712936.0|0.0|-51712936.0|0.0|-51712936.0|-51712936.0|0.0|-0.33|-0.33|-0.33|156553534.0|156553534.0|0.0|-47363814.0|43052.0|-1404717.0|-17695.0|29471931.0|9828013.0|19834278.0|0.0|0.0|-19296600.0|10858079.0|10697065.0|161014.0|8002668.0|8002668.0|0.0|0.0|0.0|28444046.0|13883998.0|14560048.0|19523293.0|19523293.0|713890.0|-17585967.0|-17585967.0|-343412252.0|-1944.0|-0.11233197|0.77045999|-1.6174286|1.0|-49156857.0|-49156857.0|-47381509.0|-0.30265372|8494706.0|10858079.0|0.06935697|-3186933.0
