Date|REVENUE|REVENUEUSD|COR|GP|RND|SGNA|EBIT|EBITUSD|INTEXP|EBT|TAXEXP|NETINC|PREFDIVIS|NETINCCMN|NETINCCMNUSD|NETINCDIS|EPS|EPSUSD|EPSDIL|SHARESWA|SHARESWADIL|DPS|NCFO|DEPAMOR|NCFI|CAPEX|NCFF|NCFDEBT|NCFCOMMON|NCFDIV|NCFX|NCF|ASSETS|ASSETSC|ASSETSNC|CASHNEQ|CASHNEQUSD|RECEIVABLES|INTANGIBLES|INVENTORY|LIABILITIES|LIABILITIESC|LIABILITIESNC|DEBT|DEBTUSD|PAYABLES|EQUITY|EQUITYUSD|RETEARN|ACCOCI|BVPS|CURRENTRATIO|DE|DILUTIONRATIO|EBITDA|EBITDAUSD|FCF|FCFPS|INVCAP|TANGIBLES|TBVPS|WORKINGCAPITAL
2009-06-30|326527000.0|326527000.0|43267000.0|283260000.0|17914000.0|138884000.0|84808000.0|84808000.0|0.0|84808000.0|193000.0|84615000.0|0.0|84615000.0|84615000.0|51639000.0|0.91|0.91|0.86|93492000.0|98573000.0|1.75|84042000.0|9449000.0|-206342000.0|-7525000.0|-51924000.0|0.0|84209000.0|0.0|0.0|-174224000.0|466388000.0|366120000.0|100268000.0|63510000.0|63510000.0|44617000.0|0.0|0.0|32169000.0|32169000.0|0.0|0.0|0.0|14177000.0|434219000.0|434219000.0|-119940000.0|2768000.0|4.64445086|11.38114334|0.07408474|1.0543469|94257000.0|94257000.0|76517000.0|0.81843366|370709000.0|466388000.0|4.98853378|333951000.0
2010-06-30|362648000.0|362648000.0|44286000.0|318362000.0|21873000.0|161414000.0|140834000.0|140834000.0|0.0|140834000.0|-11469000.0|152303000.0|0.0|152303000.0|152303000.0|0.0|1.58|1.58|1.54|96338000.0|99152000.0|1.75|155086000.0|7084000.0|-76668000.0|-7595000.0|-49088000.0|0.0|-49088000.0|0.0|0.0|29330000.0|593847000.0|473976000.0|119871000.0|92840000.0|92840000.0|48134000.0|0.0|0.0|36266000.0|27466000.0|8800000.0|0.0|0.0|8870000.0|557581000.0|557581000.0|-10465000.0|139000.0|5.78775769|17.25682662|0.06504167|1.02920966|147918000.0|147918000.0|147491000.0|1.53097428|473541000.0|593847000.0|6.16420312|446510000.0
2011-06-30|402084000.0|402084000.0|46714000.0|355370000.0|27751000.0|169841000.0|159651000.0|159651000.0|0.0|159651000.0|58941000.0|100710000.0|0.0|100710000.0|100710000.0|0.0|1.12|1.12|1.1|89794000.0|91704000.0|0.0|130830000.0|7219000.0|-54390000.0|-3792000.0|-116599000.0|0.0|-175430000.0|0.0|0.0|-40159000.0|610827000.0|418261000.0|192566000.0|52681000.0|52681000.0|50847000.0|72766000.0|8218000.0|44035000.0|34387000.0|9648000.0|0.0|0.0|11395000.0|566792000.0|566792000.0|-38630000.0|151000.0|6.31213667|12.16334661|0.07769164|1.02127091|166870000.0|166870000.0|127038000.0|1.41477159|450993000.0|538061000.0|5.99217097|383874000.0
2012-06-30|496005000.0|496005000.0|64659000.0|431346000.0|42645000.0|208383000.0|184540000.0|184540000.0|0.0|184540000.0|72389000.0|112151000.0|0.0|112151000.0|112151000.0|0.0|1.33|1.33|1.3|84608000.0|86465000.0|0.0|141804000.0|9069000.0|-38888000.0|-9408000.0|-69245000.0|0.0|-103438000.0|0.0|0.0|33671000.0|690635000.0|422492000.0|268143000.0|86352000.0|86352000.0|63101000.0|72572000.0|11574000.0|54975000.0|44967000.0|10008000.0|0.0|0.0|10141000.0|635660000.0|635660000.0|-12684000.0|-162000.0|7.51300113|9.39560122|0.08648491|1.02194828|193609000.0|193609000.0|132396000.0|1.56481657|486744000.0|618063000.0|7.30501844|377525000.0
2013-06-30|613200000.0|613200000.0|79700000.0|533500000.0|53700000.0|251800000.0|233300000.0|233300000.0|0.0|233300000.0|86100000.0|147200000.0|0.0|147200000.0|147200000.0|0.0|1.82|1.82|1.77|80900000.0|83300000.0|0.0|173900000.0|8900000.0|-74900000.0|-11400000.0|-80600000.0|0.0|-88500000.0|0.0|0.0|17700000.0|803821000.0|483992000.0|319829000.0|104073000.0|104073000.0|96978000.0|70180000.0|0.0|75227000.0|64509000.0|10718000.0|0.0|0.0|18132000.0|728594000.0|728594000.0|30866000.0|-424000.0|9.0061063|7.50270505|0.10324955|1.02966625|242200000.0|242200000.0|162500000.0|2.00865266|565059000.0|733641000.0|9.06849197|419483000.0
2014-06-30|778200000.0|778200000.0|109200000.0|669000000.0|67500000.0|327100000.0|277800000.0|277800000.0|0.0|277800000.0|101600000.0|176200000.0|0.0|176200000.0|176200000.0|0.0|2.33|2.33|2.25|75700000.0|78200000.0|0.0|190200000.0|13800000.0|-17100000.0|-14300000.0|-211800000.0|0.0|-222900000.0|0.0|0.0|-39300000.0|823800000.0|322400000.0|501400000.0|64800000.0|64800000.0|85100000.0|374500000.0|23900000.0|104800000.0|80600000.0|24200000.0|0.0|0.0|23100000.0|719000000.0|719000000.0|2000000.0|-1500000.0|9.49801849|4.0|0.145758|1.0330251|291600000.0|291600000.0|175900000.0|2.32364597|303900000.0|449300000.0|5.93527081|241800000.0
2015-06-30|723100000.0|723100000.0|147400000.0|575700000.0|75500000.0|366000000.0|134900000.0|134900000.0|0.0|134900000.0|54700000.0|80200000.0|0.0|80200000.0|80200000.0|0.0|1.12|1.12|1.08|71300000.0|74500000.0|0.0|140500000.0|25000000.0|40900000.0|-23900000.0|-177300000.0|0.0|-180700000.0|0.0|-4800000.0|-700000.0|766200000.0|283600000.0|482600000.0|64100000.0|64100000.0|87700000.0|369800000.0|25100000.0|104100000.0|68700000.0|35400000.0|0.0|0.0|21100000.0|662100000.0|662100000.0|-77000000.0|-7000000.0|9.28611501|4.12809316|0.157227|1.04488079|159900000.0|159900000.0|116600000.0|1.63534362|263600000.0|396400000.0|5.55960729|214900000.0
2016-06-30|753800000.0|753800000.0|157300000.0|596500000.0|70600000.0|359100000.0|168900000.0|168900000.0|0.0|168900000.0|43600000.0|125300000.0|0.0|125300000.0|125300000.0|0.0|1.79|1.79|1.71|70000000.0|73400000.0|0.0|166300000.0|26700000.0|-91400000.0|-5000000.0|-68300000.0|0.0|-68300000.0|0.0|-2200000.0|4400000.0|880500000.0|314500000.0|566000000.0|68500000.0|68500000.0|95000000.0|422800000.0|38300000.0|132400000.0|72300000.0|60100000.0|0.0|0.0|21100000.0|748100000.0|748100000.0|-73200000.0|-9500000.0|10.68714286|4.34993084|0.17698169|1.04857143|195600000.0|195600000.0|161300000.0|2.30428571|316900000.0|457700000.0|6.53857143|242200000.0
