Date|REVENUE|REVENUEUSD|COR|GP|RND|SGNA|EBIT|EBITUSD|INTEXP|EBT|TAXEXP|NETINC|PREFDIVIS|NETINCCMN|NETINCCMNUSD|NETINCDIS|EPS|EPSUSD|EPSDIL|SHARESWA|SHARESWADIL|DPS|NCFO|DEPAMOR|NCFI|CAPEX|NCFF|NCFDEBT|NCFCOMMON|NCFDIV|NCFX|NCF|ASSETS|ASSETSC|ASSETSNC|CASHNEQ|CASHNEQUSD|RECEIVABLES|INTANGIBLES|INVENTORY|LIABILITIES|LIABILITIESC|LIABILITIESNC|DEBT|DEBTUSD|PAYABLES|EQUITY|EQUITYUSD|RETEARN|ACCOCI|BVPS|CURRENTRATIO|DE|DILUTIONRATIO|EBITDA|EBITDAUSD|FCF|FCFPS|INVCAP|TANGIBLES|TBVPS|WORKINGCAPITAL
2009-06-30|801722000.0|801722000.0|505585000.0|296137000.0|0.0|293702000.0|2679000.0|2679000.0|2748000.0|-69000.0|-25000.0|-44000.0|0.0|-44000.0|-44000.0|0.0|0.0|0.0|0.0|41505000.0|41505000.0|0.0|32240000.0|16796000.0|-12475000.0|-12475000.0|-22612000.0|-18195000.0|0.0|0.0|0.0|-2847000.0|319241000.0|241153000.0|78088000.0|5783000.0|5783000.0|0.0|0.0|223628000.0|83888000.0|77438000.0|6450000.0|0.0|0.0|47109000.0|235353000.0|235353000.0|31334000.0|-42000.0|5.67047344|3.11414293|0.3564348|1.0|19475000.0|19475000.0|19765000.0|0.47620769|236020000.0|319241000.0|7.69162751|163715000.0
2010-06-30|828265000.0|828265000.0|514270000.0|313995000.0|0.0|293850000.0|19614000.0|19614000.0|2945000.0|16669000.0|5921000.0|10748000.0|0.0|10748000.0|10748000.0|0.0|0.25|0.25|0.25|41920000.0|42483000.0|0.0|32071000.0|15583000.0|-17432000.0|-17432000.0|3100000.0|3391000.0|79000.0|0.0|0.0|17739000.0|350536000.0|272472000.0|78064000.0|23522000.0|23522000.0|0.0|0.0|239194000.0|102644000.0|97617000.0|5027000.0|0.0|0.0|62916000.0|247892000.0|247892000.0|42082000.0|125000.0|5.9134542|2.79123513|0.41406742|1.01343034|35197000.0|35197000.0|14639000.0|0.34921279|229397000.0|350536000.0|8.3620229|174855000.0
2011-06-30|821150000.0|821150000.0|507834000.0|313316000.0|0.0|295273000.0|18665000.0|18665000.0|3118000.0|15547000.0|5968000.0|9579000.0|0.0|9579000.0|9579000.0|0.0|0.22|0.22|0.22|42493000.0|43078000.0|0.0|-62000.0|16103000.0|-20500000.0|-20600000.0|16440000.0|15400000.0|60000.0|0.0|0.0|-4122000.0|379156000.0|297892000.0|81264000.0|19400000.0|19400000.0|0.0|0.0|264361000.0|119022000.0|109872000.0|9150000.0|0.0|0.0|81047000.0|260134000.0|260134000.0|51661000.0|-89000.0|6.1218083|2.71126402|0.45754111|1.01376697|34768000.0|34768000.0|-20662000.0|-0.48624479|249884000.0|379156000.0|8.92278728|188020000.0
2012-06-30|812782000.0|812782000.0|503918000.0|308864000.0|0.0|301427000.0|7661000.0|7661000.0|2254000.0|5407000.0|1494000.0|3913000.0|0.0|3913000.0|3913000.0|0.0|0.09|0.09|0.09|41986000.0|42536000.0|0.0|59481000.0|14516000.0|-13765000.0|-13765000.0|-25376000.0|-18791000.0|-6015000.0|0.0|0.0|20340000.0|397167000.0|317262000.0|79905000.0|39740000.0|39740000.0|0.0|0.0|265630000.0|136976000.0|128323000.0|8653000.0|0.0|0.0|98009000.0|260191000.0|260191000.0|55574000.0|-54000.0|6.19708951|2.4723705|0.52644404|1.0130996|22177000.0|22177000.0|45716000.0|1.08883914|229104000.0|397167000.0|9.45951031|188939000.0
2013-06-30|838314000.0|838314000.0|578876000.0|259438000.0|0.0|315933000.0|-61731000.0|-61731000.0|1677000.0|-63408000.0|-7032000.0|-56376000.0|0.0|-56376000.0|-56376000.0|0.0|-1.33|-1.33|-1.33|42248000.0|42248000.0|0.0|-3188000.0|13452000.0|-9358000.0|-9608000.0|1702000.0|0.0|1702000.0|0.0|0.0|-10844000.0|321880000.0|250787000.0|71093000.0|28896000.0|28896000.0|0.0|0.0|211981000.0|114423000.0|108762000.0|5661000.0|0.0|0.0|72958000.0|207457000.0|207457000.0|-802000.0|0.0|4.9104573|2.30583292|0.55155044|1.0|-48279000.0|-48279000.0|-12796000.0|-0.30287824|184222000.0|321880000.0|7.61882219|142025000.0
2014-06-30|864844000.0|864844000.0|562692000.0|302152000.0|0.0|310205000.0|-8635000.0|-8635000.0|1500000.0|-10135000.0|41000.0|-10176000.0|0.0|-10176000.0|-10176000.0|0.0|-0.24|-0.24|-0.24|42943000.0|42943000.0|0.0|31198000.0|12188000.0|-13389000.0|-13434000.0|2981000.0|0.0|2981000.0|0.0|0.0|20790000.0|333222000.0|264265000.0|68957000.0|49686000.0|49686000.0|0.0|0.0|207663000.0|129912000.0|126781000.0|3131000.0|0.0|0.0|86284000.0|203310000.0|203310000.0|-10978000.0|0.0|4.73441539|2.08442117|0.6389848|1.0|3553000.0|3553000.0|17764000.0|0.41366463|156755000.0|333222000.0|7.75963486|137484000.0
2015-06-30|906365000.0|906365000.0|579746000.0|326619000.0|0.0|314263000.0|11861000.0|11861000.0|1445000.0|10416000.0|31000.0|10385000.0|0.0|10385000.0|10385000.0|0.0|0.24|0.24|0.24|43480000.0|43770000.0|0.0|9685000.0|12426000.0|-15494000.0|-15541000.0|911000.0|-50000.0|961000.0|0.0|0.0|-4898000.0|334875000.0|262573000.0|72302000.0|44788000.0|44788000.0|0.0|0.0|209984000.0|114586000.0|109993000.0|4593000.0|0.0|0.0|74242000.0|220289000.0|220289000.0|-593000.0|0.0|5.06644434|2.38717918|0.52016215|1.00666973|24287000.0|24287000.0|-5856000.0|-0.13468261|180094000.0|334875000.0|7.70181693|152580000.0
2016-06-30|956396000.0|956396000.0|614594000.0|341802000.0|0.0|339398000.0|5044000.0|5044000.0|1068000.0|3976000.0|263000.0|3713000.0|0.0|3713000.0|3713000.0|0.0|0.08|0.08|0.08|43705000.0|43736000.0|0.0|8413000.0|16010000.0|-38025000.0|-46863000.0|-1026000.0|-903000.0|-123000.0|0.0|0.0|-30638000.0|361970000.0|263597000.0|98373000.0|14150000.0|14150000.0|0.0|0.0|242315000.0|134688000.0|124650000.0|10038000.0|0.0|0.0|80853000.0|227282000.0|227282000.0|3120000.0|0.0|5.20036609|2.11469715|0.59260302|1.0007093|21054000.0|21054000.0|-38450000.0|-0.87976204|223170000.0|361970000.0|8.28211875|138947000.0
