Date|REVENUE|REVENUEUSD|COR|GP|RND|SGNA|EBIT|EBITUSD|INTEXP|EBT|TAXEXP|NETINC|PREFDIVIS|NETINCCMN|NETINCCMNUSD|NETINCDIS|EPS|EPSUSD|EPSDIL|SHARESWA|SHARESWADIL|DPS|NCFO|DEPAMOR|NCFI|CAPEX|NCFF|NCFDEBT|NCFCOMMON|NCFDIV|NCFX|NCF|ASSETS|ASSETSC|ASSETSNC|CASHNEQ|CASHNEQUSD|RECEIVABLES|INTANGIBLES|INVENTORY|LIABILITIES|LIABILITIESC|LIABILITIESNC|DEBT|DEBTUSD|PAYABLES|EQUITY|EQUITYUSD|RETEARN|ACCOCI|BVPS|CURRENTRATIO|DE|DILUTIONRATIO|EBITDA|EBITDAUSD|FCF|FCFPS|INVCAP|TANGIBLES|TBVPS|WORKINGCAPITAL
2009-05-31|209133000.0|209133000.0|139867000.0|69266000.0|1949000.0|46456000.0|14638000.0|14638000.0|4614000.0|10024000.0|4558000.0|5466000.0|27114000.0|-21648000.0|-21648000.0|0.0|-1.67|-1.67|-1.67|13000000.0|13000000.0|0.0|12661000.0|12636000.0|-15888000.0|-5078000.0|4912000.0|4912000.0|0.0|0.0|428000.0|2113000.0|153433000.0|62874000.0|90559000.0|5668000.0|5668000.0|39509000.0|50591000.0|8554000.0|110117000.0|46267000.0|63850000.0|80776000.0|80776000.0|2797000.0|-47912000.0|-47912000.0|-47376000.0|-1583000.0|-3.68553846|1.35893834|-2.29831775|1.0|27274000.0|27274000.0|7583000.0|0.58330769|131683000.0|102842000.0|7.91092308|16607000.0
2010-05-31|272128000.0|272128000.0|188990000.0|83138000.0|2402000.0|55463000.0|20487000.0|20487000.0|3531000.0|16956000.0|6527000.0|10429000.0|-6499000.0|16928000.0|16928000.0|0.0|0.78|0.78|0.43|21744000.0|24430000.0|0.0|18987000.0|15183000.0|-16534000.0|-1799000.0|8083000.0|-66002000.0|74085000.0|0.0|-167000.0|10369000.0|189939000.0|88282000.0|101657000.0|16037000.0|16037000.0|54721000.0|60403000.0|8736000.0|59385000.0|40991000.0|18394000.0|27870000.0|27870000.0|4640000.0|130286000.0|130286000.0|-30448000.0|-1587000.0|5.99181383|2.15369227|0.45580492|1.12352833|35670000.0|35670000.0|17188000.0|0.79047093|100378000.0|129536000.0|5.95732156|47291000.0
2011-05-31|338589000.0|338589000.0|235186000.0|103403000.0|2150000.0|65983000.0|29706000.0|29706000.0|2773000.0|26933000.0|10502000.0|16431000.0|0.0|16431000.0|16431000.0|0.0|0.61|0.61|0.61|26724000.0|26933000.0|0.0|25254000.0|18592000.0|-36478000.0|-9763000.0|5344000.0|-9476000.0|14777000.0|0.0|722000.0|-5158000.0|248637000.0|106779000.0|141858000.0|10879000.0|10879000.0|78031000.0|91450000.0|9830000.0|81151000.0|50588000.0|30563000.0|37327000.0|37327000.0|6656000.0|167157000.0|167157000.0|-14017000.0|303000.0|6.25493938|2.11075749|0.48547772|1.00782069|48298000.0|48298000.0|15491000.0|0.57966622|133047000.0|157187000.0|5.88186649|56191000.0
2012-05-31|436875000.0|436875000.0|307185000.0|129690000.0|2059000.0|83098000.0|36776000.0|36776000.0|3132000.0|33644000.0|12291000.0|21353000.0|0.0|21353000.0|21353000.0|0.0|0.77|0.77|0.74|27839000.0|28685000.0|0.0|31402000.0|22024000.0|-37512000.0|-7483000.0|2009000.0|-671000.0|2484000.0|0.0|1632000.0|-2469000.0|329816000.0|133623000.0|196193000.0|8410000.0|8410000.0|104515000.0|131288000.0|12492000.0|136568000.0|64319000.0|72249000.0|59274000.0|59274000.0|11944000.0|193012000.0|193012000.0|7336000.0|-3047000.0|6.93315133|2.07750431|0.70756222|1.03038902|58800000.0|58800000.0|23919000.0|0.85919034|185073000.0|198528000.0|7.13129064|69304000.0
2013-05-31|529282000.0|529282000.0|363045000.0|166237000.0|2447000.0|101792000.0|27561000.0|27561000.0|3288000.0|24273000.0|12627000.0|11646000.0|0.0|11646000.0|11646000.0|0.0|0.41|0.41|0.4|28141000.0|29106000.0|0.0|43503000.0|26647000.0|-45479000.0|-11364000.0|1144000.0|2521000.0|829000.0|0.0|224000.0|-608000.0|377997000.0|140309000.0|237688000.0|7802000.0|7802000.0|108554000.0|167698000.0|12504000.0|167717000.0|72216000.0|95501000.0|77956000.0|77956000.0|8490000.0|210053000.0|210053000.0|18982000.0|-4452000.0|7.46430475|1.94290739|0.79845087|1.0342916|54208000.0|54208000.0|32139000.0|1.14207029|208237000.0|210299000.0|7.47304644|68093000.0
2014-05-31|623447000.0|623447000.0|432695000.0|190752000.0|2995000.0|123690000.0|38238000.0|38238000.0|3192000.0|35046000.0|12528000.0|22518000.0|0.0|22518000.0|22518000.0|0.0|0.79|0.79|0.77|28365000.0|29324000.0|0.0|36873000.0|28429000.0|-38005000.0|-15373000.0|3262000.0|4611000.0|996000.0|0.0|88000.0|2218000.0|443972000.0|175129000.0|268843000.0|10020000.0|10020000.0|137824000.0|188391000.0|11376000.0|201580000.0|86791000.0|114789000.0|97563000.0|97563000.0|14978000.0|242104000.0|242104000.0|41500000.0|-1511000.0|8.5353076|2.01782443|0.83261739|1.03380927|66667000.0|66667000.0|21500000.0|0.75797638|256333000.0|255581000.0|9.0104354|88338000.0
2015-05-31|711252000.0|711252000.0|506281000.0|204971000.0|2521000.0|143978000.0|30443000.0|30443000.0|4622000.0|25821000.0|9740000.0|16081000.0|0.0|16081000.0|16081000.0|0.0|0.56|0.56|0.54|28613000.0|29590000.0|0.0|49840000.0|33286000.0|-49651000.0|-14108000.0|2066000.0|5622000.0|750000.0|0.0|-1720000.0|535000.0|471727000.0|171466000.0|300261000.0|10555000.0|10555000.0|133228000.0|217690000.0|10841000.0|226715000.0|93523000.0|133192000.0|132822000.0|132822000.0|10529000.0|244819000.0|244819000.0|57581000.0|-21113000.0|8.55621571|1.83340996|0.92605149|1.03414532|63729000.0|63729000.0|35732000.0|1.24880299|282781000.0|254037000.0|8.87837696|77943000.0
2016-05-31|719181000.0|719181000.0|494911000.0|224270000.0|2523000.0|141229000.0|43181000.0|43181000.0|4762000.0|38419000.0|13765000.0|24654000.0|0.0|24654000.0|24654000.0|0.0|0.85|0.85|0.82|28856000.0|29891000.0|0.0|68124000.0|32474000.0|-16752000.0|-13694000.0|-40378000.0|-36513000.0|543000.0|0.0|-361000.0|10633000.0|482675000.0|187946000.0|294729000.0|21188000.0|21188000.0|137913000.0|212712000.0|9918000.0|206387000.0|96877000.0|109510000.0|104776000.0|104776000.0|10796000.0|276163000.0|276163000.0|82235000.0|-20099000.0|9.57038398|1.94004769|0.74733762|1.03586776|75655000.0|75655000.0|54430000.0|1.88626282|256674000.0|269963000.0|9.35552398|91069000.0
