Date|REVENUE|REVENUEUSD|COR|GP|RND|SGNA|EBIT|EBITUSD|INTEXP|EBT|TAXEXP|NETINC|PREFDIVIS|NETINCCMN|NETINCCMNUSD|NETINCDIS|EPS|EPSUSD|EPSDIL|SHARESWA|SHARESWADIL|DPS|NCFO|DEPAMOR|NCFI|CAPEX|NCFF|NCFDEBT|NCFCOMMON|NCFDIV|NCFX|NCF|ASSETS|ASSETSC|ASSETSNC|CASHNEQ|CASHNEQUSD|RECEIVABLES|INTANGIBLES|INVENTORY|LIABILITIES|LIABILITIESC|LIABILITIESNC|DEBT|DEBTUSD|PAYABLES|EQUITY|EQUITYUSD|RETEARN|ACCOCI|BVPS|CURRENTRATIO|DE|DILUTIONRATIO|EBITDA|EBITDAUSD|FCF|FCFPS|INVCAP|TANGIBLES|TBVPS|WORKINGCAPITAL
2009-09-30|4869111000.0|4869111000.0|3549433000.0|1319678000.0|0.0|180242000.0|440978000.0|440978000.0|152638000.0|288340000.0|97362000.0|190978000.0|0.0|190978000.0|190978000.0|0.0|2.08|2.08|2.07|91117000.0|91620000.0|1.32|919233000.0|217208000.0|-517201000.0|-509494000.0|-337546000.0|-245711000.0|27687000.0|-121460000.0|0.0|64486000.0|6367083000.0|828940000.0|5538143000.0|111203000.0|111203000.0|232806000.0|740064000.0|352728000.0|4190322000.0|737421000.0|3452901000.0|2242081000.0|2242081000.0|207421000.0|2176761000.0|2176761000.0|405353000.0|-20184000.0|23.88973518|1.12410685|1.92502622|1.00552037|658186000.0|658186000.0|409739000.0|4.49684472|7020476000.0|5627019000.0|61.75597309|91519000.0
2010-09-30|4661060000.0|4661060000.0|3346924000.0|1314136000.0|0.0|187143000.0|479230000.0|479230000.0|154188000.0|325042000.0|119203000.0|205839000.0|0.0|205839000.0|205839000.0|0.0|2.22|2.22|2.2|91852000.0|92422000.0|1.34|726476000.0|216960000.0|-542702000.0|-542636000.0|-163025000.0|54137000.0|-92875000.0|-124287000.0|0.0|20749000.0|6763791000.0|875192000.0|5888599000.0|131952000.0|131952000.0|273207000.0|740148000.0|319038000.0|4585443000.0|1166079000.0|3419364000.0|2295782000.0|2295782000.0|266208000.0|2178348000.0|2178348000.0|486905000.0|-23372000.0|23.71584723|0.75054263|2.10500939|1.00620564|696190000.0|696190000.0|183840000.0|2.00148064|7021394000.0|6023643000.0|65.5798785|-290887000.0
2011-09-30|4286435000.0|4286435000.0|2985615000.0|1300820000.0|0.0|177767000.0|465183000.0|465183000.0|150763000.0|314420000.0|106819000.0|207601000.0|0.0|207601000.0|207601000.0|-18013000.0|2.28|2.28|2.27|90201000.0|90652000.0|1.36|582844000.0|233155000.0|-627386000.0|-622965000.0|44009000.0|117641000.0|2497000.0|-124011000.0|0.0|-533000.0|7282871000.0|1010953000.0|6271918000.0|131419000.0|131419000.0|273303000.0|740207000.0|289760000.0|5027450000.0|867598000.0|4159852000.0|2414947000.0|2414947000.0|291205000.0|2255421000.0|2255421000.0|570495000.0|-48460000.0|25.0043902|1.16523205|2.22905169|1.00499994|698338000.0|698338000.0|-40121000.0|-0.44479551|7958594000.0|6542664000.0|72.53427346|143355000.0
2012-09-30|3436162000.0|3436162000.0|2112423000.0|1323739000.0|0.0|181073000.0|456117000.0|456117000.0|141174000.0|314943000.0|98226000.0|216717000.0|0.0|216717000.0|216717000.0|-24521000.0|2.39|2.39|2.37|90150000.0|91172000.0|1.39|586917000.0|246093000.0|-609260000.0|-732858000.0|-44837000.0|97107000.0|-16148000.0|-125796000.0|0.0|-67180000.0|7495675000.0|827962000.0|6667713000.0|64239000.0|64239000.0|234526000.0|740847000.0|256415000.0|5136432000.0|1275954000.0|3860478000.0|2527365000.0|2527365000.0|215229000.0|2359243000.0|2359243000.0|660932000.0|-47607000.0|26.17019412|0.64889643|2.17715259|1.01133666|702210000.0|702210000.0|-145941000.0|-1.61886855|7942000000.0|6754828000.0|74.92876317|-447992000.0
2013-09-30|3875460000.0|3875460000.0|2463410000.0|1412050000.0|0.0|187072000.0|514178000.0|514178000.0|128385000.0|385793000.0|142599000.0|243194000.0|0.0|243194000.0|243194000.0|-12496000.0|2.68|2.68|2.64|90533000.0|91711000.0|1.4|613127000.0|236928000.0|-696914000.0|-845033000.0|85747000.0|285592000.0|-5104000.0|-128115000.0|0.0|1960000.0|7934268000.0|677133000.0|7257135000.0|66199000.0|66199000.0|301992000.0|741363000.0|244741000.0|5353859000.0|978486000.0|4375373000.0|2823655000.0|2823655000.0|241611000.0|2580409000.0|2580409000.0|775267000.0|38878000.0|28.50241348|0.69202114|2.07481023|1.01301183|751106000.0|751106000.0|-231906000.0|-2.56156319|8971875000.0|7192905000.0|79.45064231|-301353000.0
2014-09-30|4940916000.0|4940916000.0|3358490000.0|1582426000.0|0.0|211936000.0|606114000.0|606114000.0|129295000.0|476819000.0|187002000.0|289817000.0|0.0|289817000.0|289817000.0|0.0|2.96|2.96|2.96|97606000.0|97608000.0|1.48|732813000.0|253987000.0|-824979000.0|-824441000.0|68225000.0|-171289000.0|385762000.0|-146248000.0|0.0|-23941000.0|8594704000.0|775840000.0|7818864000.0|42258000.0|42258000.0|343400000.0|742029000.0|278917000.0|5508472000.0|910650000.0|4597822000.0|2652681000.0|2652681000.0|308086000.0|3086232000.0|3086232000.0|917972000.0|-12393000.0|31.6192857|0.85196288|1.7848535|1.00002049|860101000.0|860101000.0|-91628000.0|-0.93875377|9552448000.0|7852675000.0|80.45278979|-134810000.0
2015-09-30|4142136000.0|4142136000.0|2462119000.0|1680017000.0|0.0|231958000.0|627006000.0|627006000.0|116241000.0|510765000.0|195690000.0|315075000.0|0.0|315075000.0|315075000.0|0.0|3.09|3.09|3.09|101892000.0|101892000.0|1.56|811914000.0|274796000.0|-956602000.0|-963621000.0|131083000.0|260292000.0|22967000.0|-160018000.0|0.0|-13605000.0|9075072000.0|626306000.0|8448766000.0|28653000.0|28653000.0|295160000.0|742702000.0|236603000.0|5880275000.0|1154823000.0|4725452000.0|2895442000.0|2895442000.0|238942000.0|3194797000.0|3194797000.0|1073029000.0|-109330000.0|31.35473835|0.54233939|1.8405786|1.0|901802000.0|901802000.0|-151707000.0|-1.48890001|10044336000.0|8332370000.0|81.77648883|-528517000.0
2016-09-30|3349949000.0|3349949000.0|1605053000.0|1744896000.0|0.0|223016000.0|666425000.0|666425000.0|115948000.0|550477000.0|200373000.0|350104000.0|0.0|350104000.0|350104000.0|0.0|3.38|3.38|3.38|103524000.0|103524000.0|1.68|794990000.0|293096000.0|-1079732000.0|-1086950000.0|303623000.0|371884000.0|132852000.0|-175126000.0|0.0|18881000.0|10010889000.0|681686000.0|9329203000.0|47534000.0|47534000.0|300007000.0|743407000.0|233316000.0|6547830000.0|1788281000.0|4759549000.0|3268590000.0|3268590000.0|259434000.0|3463059000.0|3463059000.0|1262534000.0|-188022000.0|33.45175032|0.38119624|1.89076478|1.0|959521000.0|959521000.0|-291960000.0|-2.8202156|10700257000.0|9267482000.0|89.5201306|-1106595000.0
