Date|REVENUE|REVENUEUSD|COR|GP|RND|SGNA|EBIT|EBITUSD|INTEXP|EBT|TAXEXP|NETINC|PREFDIVIS|NETINCCMN|NETINCCMNUSD|NETINCDIS|EPS|EPSUSD|EPSDIL|SHARESWA|SHARESWADIL|DPS|NCFO|DEPAMOR|NCFI|CAPEX|NCFF|NCFDEBT|NCFCOMMON|NCFDIV|NCFX|NCF|ASSETS|ASSETSC|ASSETSNC|CASHNEQ|CASHNEQUSD|RECEIVABLES|INTANGIBLES|INVENTORY|LIABILITIES|LIABILITIESC|LIABILITIESNC|DEBT|DEBTUSD|PAYABLES|EQUITY|EQUITYUSD|RETEARN|ACCOCI|BVPS|CURRENTRATIO|DE|DILUTIONRATIO|EBITDA|EBITDAUSD|FCF|FCFPS|INVCAP|TANGIBLES|TBVPS|WORKINGCAPITAL
2009-03-31|23047000.0|23047000.0|0.0|23047000.0|0.0|18224000.0|-4212000.0|-4212000.0|0.0|-4212000.0|-1562000.0|-2650000.0|0.0|-2650000.0|-2650000.0|0.0|-0.25|-0.25|-0.25|10693795.0|10693795.0|0.14|13382000.0|2320000.0|-61323000.0|-114000.0|30701000.0|29930000.0|96000.0|-2402000.0|0.0|-17240000.0|914333000.0|||19199000.0|19199000.0|0.0|26465000.0|0.0|825306000.0|||148540000.0|148540000.0|0.0|88663000.0|88663000.0|44322000.0|-1732000.0|8.29106973||9.30834734|1.0|-1892000.0|-1892000.0|13268000.0|1.2407195|1017209000.0|887868000.0|83.02646535|
2010-03-31|26252000.0|26252000.0|0.0|26252000.0|0.0|18667000.0|-8721000.0|-8721000.0|0.0|-8721000.0|-3277000.0|-5444000.0|0.0|-5444000.0|-5444000.0|0.0|-0.51|-0.51|-0.51|10720525.0|10720525.0|0.0|9874000.0|2225000.0|56355000.0|11522000.0|-71841000.0|-89823000.0|0.0|0.0|0.0|-5612000.0|837953000.0|||13587000.0|13587000.0|0.0|26395000.0|0.0|753599000.0|||58718000.0|58718000.0|0.0|83934000.0|83934000.0|38878000.0|-1202000.0|7.82928075||8.97847118|1.0|-6496000.0|-6496000.0|21396000.0|1.99579778|856689000.0|811558000.0|75.70132993|
2011-03-31|37976000.0|37976000.0|0.0|37976000.0|0.0|20270000.0|6480000.0|6480000.0|0.0|6480000.0|2165000.0|4315000.0|0.0|4315000.0|4315000.0|0.0|0.24|0.24|0.24|18341191.0|18341308.0|0.0|18132000.0|1927000.0|5572000.0|3969000.0|14461000.0|-32790000.0|18769000.0|0.0|0.0|38165000.0|859263000.0|||51752000.0|51752000.0|0.0|26187000.0|0.0|751854000.0|||25928000.0|25928000.0|0.0|106944000.0|106944000.0|43193000.0|-1417000.0|5.83081001||7.03035233|1.00000638|8407000.0|8407000.0|22101000.0|1.20499263|807252000.0|833076000.0|45.42104163|
2012-03-31|11144000.0|11144000.0|0.0|11144000.0|0.0|19996000.0|-23279000.0|-23279000.0|0.0|-23279000.0|8378000.0|-31657000.0|0.0|-31657000.0|-31657000.0|0.0|-1.42|-1.42|-1.42|22317933.0|22317933.0|0.0|12002000.0|2013000.0|-45352000.0|6490000.0|27991000.0|66000.0|0.0|0.0|0.0|-5359000.0|855998000.0|||46393000.0|46393000.0|0.0|25987000.0|0.0|779847000.0|||25994000.0|25994000.0|0.0|75607000.0|75607000.0|11536000.0|-1171000.0|3.38772412||10.31448146|1.0|-21266000.0|-21266000.0|18492000.0|0.82857136|809612000.0|830011000.0|37.19031686|
2013-03-31|37420000.0|37420000.0|0.0|37420000.0|0.0|19419000.0|2662000.0|2662000.0|0.0|2662000.0|29000.0|2633000.0|0.0|2633000.0|2633000.0|0.0|0.12|0.12|0.12|22342541.0|22342541.0|0.0|11002000.0|1877000.0|138517000.0|5885000.0|-80497000.0|152000.0|0.0|0.0|0.0|69022000.0|777003000.0|||115415000.0|115415000.0|0.0|26026000.0|0.0|697958000.0|||26146000.0|26146000.0|0.0|78442000.0|78442000.0|14169000.0|-1013000.0|3.51088088||8.89775885|1.0|4539000.0|4539000.0|16887000.0|0.75582272|661708000.0|750977000.0|33.61197815|
2014-03-31|36303000.0|36303000.0|0.0|36303000.0|0.0|20133000.0|4342000.0|4342000.0|0.0|4342000.0|-15081000.0|19423000.0|0.0|19423000.0|19423000.0|0.0|0.87|0.87|0.87|22367174.0|22369175.0|0.0|6531000.0|1898000.0|-78380000.0|6512000.0|25011000.0|-637000.0|0.0|0.0|0.0|-46838000.0|824521000.0|||68577000.0|68577000.0|0.0|25967000.0|0.0|726072000.0|||25509000.0|25509000.0|0.0|97978000.0|97978000.0|33592000.0|-647000.0|4.38043715||7.41056155|1.00008946|6240000.0|6240000.0|13043000.0|0.58313133|755486000.0|798554000.0|35.70205159|
2015-03-31|37385000.0|37385000.0|0.0|37385000.0|0.0|21624000.0|6641000.0|6641000.0|0.0|6641000.0|2150000.0|4491000.0|0.0|4491000.0|4491000.0|0.0|0.2|0.2|0.2|22392744.0|22431839.0|0.0|5562000.0|3283000.0|-46255000.0|5029000.0|30775000.0|-57000.0|48000.0|0.0|0.0|-9918000.0|858750000.0|||58659000.0|58659000.0|0.0|25971000.0|0.0|754413000.0|||25452000.0|25452000.0|0.0|103801000.0|103801000.0|37830000.0|762000.0|4.63547478||7.26787796|1.00174588|9924000.0|9924000.0|10591000.0|0.47296571|799572000.0|832779000.0|37.18968073|
2016-03-31|39731000.0|39731000.0|0.0|39731000.0|0.0|21334000.0|9784000.0|9784000.0|0.0|9784000.0|3426000.0|6358000.0|0.0|6358000.0|6358000.0|0.0|0.28|0.28|0.28|22450252.0|22494151.0|0.08|11078000.0|3294000.0|-70661000.0|387000.0|56324000.0|72000.0|62000.0|-1261000.0|0.0|-3259000.0|921229000.0|||55400000.0|55400000.0|0.0|25952000.0|0.0|812956000.0|||25765000.0|25765000.0|0.0|108273000.0|108273000.0|42728000.0|1083000.0|4.82279664||7.50839083|1.00195539|13078000.0|13078000.0|11465000.0|0.51068469|865642000.0|895277000.0|39.87826061|
