Date|REVENUE|REVENUEUSD|COR|GP|RND|SGNA|EBIT|EBITUSD|INTEXP|EBT|TAXEXP|NETINC|PREFDIVIS|NETINCCMN|NETINCCMNUSD|NETINCDIS|EPS|EPSUSD|EPSDIL|SHARESWA|SHARESWADIL|DPS|NCFO|DEPAMOR|NCFI|CAPEX|NCFF|NCFDEBT|NCFCOMMON|NCFDIV|NCFX|NCF|ASSETS|ASSETSC|ASSETSNC|CASHNEQ|CASHNEQUSD|RECEIVABLES|INTANGIBLES|INVENTORY|LIABILITIES|LIABILITIESC|LIABILITIESNC|DEBT|DEBTUSD|PAYABLES|EQUITY|EQUITYUSD|RETEARN|ACCOCI|BVPS|CURRENTRATIO|DE|DILUTIONRATIO|EBITDA|EBITDAUSD|FCF|FCFPS|INVCAP|TANGIBLES|TBVPS|WORKINGCAPITAL
2009-08-31|63335000000.0|63335000000.0|45722000000.0|17613000000.0|0.0|14366000000.0|3247000000.0|3247000000.0|83000000.0|3164000000.0|1158000000.0|2006000000.0|0.0|2006000000.0|2006000000.0|0.0|2.03|2.03|2.02|990000000.0|991300000.0|0.47|4111000000.0|975000000.0|-2776000000.0|-1927000000.0|309000000.0|917000000.0|-141000000.0|-446000000.0|0.0|1644000000.0|25142000000.0|12049000000.0|13093000000.0|2087000000.0|2087000000.0|2496000000.0|1461000000.0|6789000000.0|10766000000.0|6769000000.0|3997000000.0|2351000000.0|2351000000.0|4308000000.0|14376000000.0|14376000000.0|15327000000.0|37000000.0|14.52121212|1.78002659|0.74888703|1.00131313|4222000000.0|4222000000.0|2184000000.0|2.20606061|17176000000.0|23681000000.0|23.92020202|5280000000.0
2010-08-31|67420000000.0|67420000000.0|48444000000.0|18976000000.0|0.0|15518000000.0|3458000000.0|3458000000.0|85000000.0|3373000000.0|1282000000.0|2091000000.0|0.0|2091000000.0|2091000000.0|0.0|2.13|2.13|2.12|981700000.0|987900000.0|0.59|3744000000.0|1030000000.0|-1274000000.0|-1014000000.0|-2677000000.0|-576000000.0|-1523000000.0|-541000000.0|0.0|-207000000.0|26275000000.0|11922000000.0|14353000000.0|1880000000.0|1880000000.0|2450000000.0|1887000000.0|7378000000.0|11875000000.0|7433000000.0|4442000000.0|2401000000.0|2401000000.0|4585000000.0|14400000000.0|14400000000.0|16848000000.0|-24000000.0|14.66843231|1.60392843|0.82465278|1.00631558|4488000000.0|4488000000.0|2730000000.0|2.78089029|17476000000.0|24388000000.0|24.84261994|4489000000.0
2011-08-31|72184000000.0|72184000000.0|51692000000.0|20492000000.0|0.0|16561000000.0|4365000000.0|4365000000.0|71000000.0|4294000000.0|1580000000.0|2714000000.0|0.0|2714000000.0|2714000000.0|0.0|2.97|2.97|2.94|915100000.0|924500000.0|0.75|3643000000.0|1086000000.0|-1525000000.0|-1213000000.0|-2442000000.0|-17000000.0|-1793000000.0|-647000000.0|0.0|-324000000.0|27454000000.0|12322000000.0|15132000000.0|1556000000.0|1556000000.0|2497000000.0|2017000000.0|8044000000.0|12607000000.0|8083000000.0|4524000000.0|2409000000.0|2409000000.0|4810000000.0|14847000000.0|14847000000.0|18877000000.0|16000000.0|16.22445634|1.524434|0.84912777|1.0102721|5451000000.0|5451000000.0|2430000000.0|2.65544749|18207000000.0|25437000000.0|27.79696208|4239000000.0
2012-08-31|71633000000.0|71633000000.0|51291000000.0|20342000000.0|0.0|16878000000.0|3464000000.0|3464000000.0|88000000.0|3376000000.0|1249000000.0|2127000000.0|0.0|2127000000.0|2127000000.0|0.0|2.43|2.43|2.42|874700000.0|880100000.0|0.95|4431000000.0|1166000000.0|-5860000000.0|-1550000000.0|1170000000.0|3000000000.0|-1026000000.0|-787000000.0|0.0|-259000000.0|33462000000.0|10760000000.0|22702000000.0|1297000000.0|1297000000.0|2167000000.0|2161000000.0|7036000000.0|15226000000.0|8722000000.0|6504000000.0|5392000000.0|5392000000.0|4384000000.0|18236000000.0|18236000000.0|20156000000.0|68000000.0|20.84829084|1.233662|0.83494187|1.00617355|4630000000.0|4630000000.0|2881000000.0|3.2937007|26674000000.0|31301000000.0|35.78484052|2038000000.0
2013-08-31|72217000000.0|72217000000.0|51098000000.0|21119000000.0|0.0|17543000000.0|4114000000.0|4114000000.0|165000000.0|3949000000.0|1499000000.0|2450000000.0|0.0|2450000000.0|2450000000.0|0.0|2.69|2.69|2.67|946000000.0|955200000.0|1.14|4301000000.0|1283000000.0|-1996000000.0|-1212000000.0|-1496000000.0|-300000000.0|-129000000.0|-1040000000.0|0.0|809000000.0|35481000000.0|11874000000.0|23607000000.0|2106000000.0|2106000000.0|2632000000.0|2410000000.0|6852000000.0|16027000000.0|8883000000.0|7144000000.0|5047000000.0|5047000000.0|4635000000.0|19454000000.0|19454000000.0|21523000000.0|-98000000.0|20.56448203|1.33671057|0.82384086|1.00972516|5397000000.0|5397000000.0|3089000000.0|3.2653277|27129000000.0|33071000000.0|34.95877378|2991000000.0
2014-08-31|76392000000.0|76392000000.0|54823000000.0|21569000000.0|0.0|17992000000.0|3614000000.0|3614000000.0|156000000.0|3458000000.0|1526000000.0|1932000000.0|0.0|1932000000.0|1932000000.0|0.0|2.03|2.03|2.0|953100000.0|965200000.0|1.28|3893000000.0|1316000000.0|-1731000000.0|-1106000000.0|-1622000000.0|-282000000.0|-93000000.0|-1199000000.0|0.0|540000000.0|37250000000.0|12242000000.0|25008000000.0|2646000000.0|2646000000.0|3218000000.0|3539000000.0|6076000000.0|16633000000.0|8895000000.0|7738000000.0|4490000000.0|4490000000.0|4315000000.0|20513000000.0|20513000000.0|22327000000.0|136000000.0|21.52240059|1.37627881|0.81085166|1.01269541|4930000000.0|4930000000.0|2787000000.0|2.92414227|26660000000.0|33711000000.0|35.36984577|3347000000.0
2015-08-31|103444000000.0|103444000000.0|76691000000.0|26753000000.0|0.0|22400000000.0|5881000000.0|5881000000.0|605000000.0|5276000000.0|1056000000.0|4220000000.0|0.0|4220000000.0|4220000000.0|0.0|4.05|4.05|4.0|1043200000.0|1053900000.0|1.37|5664000000.0|1742000000.0|-4276000000.0|-1251000000.0|-915000000.0|1587000000.0|-723000000.0|-1384000000.0|-119000000.0|354000000.0|68782000000.0|19657000000.0|49125000000.0|3000000000.0|3000000000.0|6849000000.0|28723000000.0|8678000000.0|37482000000.0|16557000000.0|20925000000.0|14383000000.0|14383000000.0|10088000000.0|30861000000.0|30861000000.0|25089000000.0|-214000000.0|29.5830138|1.18723199|1.21454263|1.0102569|7623000000.0|7623000000.0|4413000000.0|4.23025307|34885000000.0|40059000000.0|38.40011503|3100000000.0
2016-08-31|117351000000.0|117351000000.0|87477000000.0|29874000000.0|0.0|23910000000.0|5766000000.0|5766000000.0|596000000.0|5170000000.0|997000000.0|4173000000.0|0.0|4173000000.0|4173000000.0|0.0|3.85|3.85|3.82|1083100000.0|1091100000.0|1.46|7847000000.0|1718000000.0|-3517000000.0|-1325000000.0|2606000000.0|5229000000.0|-917000000.0|-1563000000.0|-129000000.0|6807000000.0|72688000000.0|25883000000.0|46805000000.0|9807000000.0|9807000000.0|6260000000.0|25829000000.0|8956000000.0|42407000000.0|17013000000.0|25394000000.0|19028000000.0|19028000000.0|11000000000.0|29880000000.0|29880000000.0|27684000000.0|-2992000000.0|27.58748038|1.52136601|1.41924364|1.00738621|7484000000.0|7484000000.0|6522000000.0|6.02160465|39067000000.0|46859000000.0|43.26377989|8870000000.0
