Date|REVENUE|REVENUEUSD|COR|GP|RND|SGNA|EBIT|EBITUSD|INTEXP|EBT|TAXEXP|NETINC|PREFDIVIS|NETINCCMN|NETINCCMNUSD|NETINCDIS|EPS|EPSUSD|EPSDIL|SHARESWA|SHARESWADIL|DPS|NCFO|DEPAMOR|NCFI|CAPEX|NCFF|NCFDEBT|NCFCOMMON|NCFDIV|NCFX|NCF|ASSETS|ASSETSC|ASSETSNC|CASHNEQ|CASHNEQUSD|RECEIVABLES|INTANGIBLES|INVENTORY|LIABILITIES|LIABILITIESC|LIABILITIESNC|DEBT|DEBTUSD|PAYABLES|EQUITY|EQUITYUSD|RETEARN|ACCOCI|BVPS|CURRENTRATIO|DE|DILUTIONRATIO|EBITDA|EBITDAUSD|FCF|FCFPS|INVCAP|TANGIBLES|TBVPS|WORKINGCAPITAL
2009-06-30|31985000.0|31985000.0|15723000.0|16262000.0|2330000.0|9760000.0|4837000.0|4837000.0|622000.0|4215000.0|-510000.0|4725000.0|0.0|4725000.0|4725000.0|0.0|0.29|0.29|0.28|16365000.0|16904000.0|0.0|4972000.0|2209000.0|-1427000.0|-1427000.0|-1455000.0|-1352000.0|-103000.0|0.0|0.0|2090000.0|58919000.0|17600000.0|41319000.0|4730000.0|4730000.0|12970000.0|0.0|0.0|18371000.0|9182000.0|9189000.0|8702000.0|8702000.0|2965000.0|40548000.0|40548000.0|-144219000.0|0.0|2.47772686|1.91679373|0.45306797|1.03293614|7046000.0|7046000.0|3545000.0|0.21662084|53709000.0|58919000.0|3.60030553|8418000.0
2010-06-30|27979000.0|27979000.0|12858000.0|15121000.0|2798000.0|12170000.0|741000.0|741000.0|459000.0|282000.0|22000.0|260000.0|0.0|260000.0|260000.0|0.0|0.02|0.02|0.01|16567000.0|18283000.0|0.0|4437000.0|2135000.0|-1829000.0|-1829000.0|747000.0|-267000.0|114000.0|0.0|0.0|3355000.0|54903000.0|14964000.0|39939000.0|8085000.0|8085000.0|6351000.0|0.0|0.0|12691000.0|12341000.0|350000.0|8467000.0|8467000.0|859000.0|39958000.0|39958000.0|-143959000.0|0.0|2.41190318|1.21254355|0.31760849|1.1035794|2876000.0|2876000.0|2608000.0|0.15742138|42944000.0|54903000.0|3.31399771|2623000.0
2011-06-30|20149000.0|20149000.0|13668000.0|6481000.0|3834000.0|8402000.0|-4757000.0|-4757000.0|279000.0|-5036000.0|-53000.0|-4983000.0|0.0|-4983000.0|-4983000.0|0.0|-0.28|-0.28|-0.28|17822000.0|17822000.0|0.0|9234000.0|2315000.0|-776000.0|-776000.0|-1549000.0|-1697000.0|148000.0|0.0|0.0|6909000.0|57620000.0|18386000.0|39234000.0|14994000.0|14994000.0|2429000.0|0.0|0.0|20062000.0|13366000.0|6696000.0|6770000.0|6770000.0|757000.0|35637000.0|35637000.0|-148942000.0|0.0|1.99960723|1.37557983|0.56295423|1.0|-2442000.0|-2442000.0|8458000.0|0.47458198|36030000.0|57620000.0|3.23308271|5020000.0
2012-06-30|26138000.0|26138000.0|18790000.0|7348000.0|2571000.0|7067000.0|-1670000.0|-1670000.0|1026000.0|-2696000.0|17000.0|-2713000.0|0.0|-2713000.0|-2713000.0|0.0|-0.15|-0.15|-0.15|18544000.0|18544000.0|0.0|-4109000.0|2243000.0|-1252000.0|-1252000.0|544000.0|-356000.0|0.0|0.0|0.0|-4817000.0|50049000.0|12695000.0|37354000.0|10177000.0|10177000.0|1926000.0|0.0|0.0|13917000.0|7875000.0|6042000.0|6414000.0|6414000.0|3033000.0|33402000.0|33402000.0|-151655000.0|0.0|1.80122951|1.61206349|0.4166517|1.0|573000.0|573000.0|-5361000.0|-0.2890962|38411000.0|50049000.0|2.69893227|4820000.0
2013-06-30|23995000.0|23995000.0|15684000.0|8311000.0|2080000.0|6790000.0|-21000.0|-21000.0|164000.0|-185000.0|0.0|-185000.0|0.0|-185000.0|-185000.0|0.0|-0.01|-0.01|-0.01|19328000.0|19328000.0|0.0|-2902000.0|2115000.0|-1847000.0|-1847000.0|-332000.0|-372000.0|40000.0|0.0|0.0|-5081000.0|48002000.0|10916000.0|37086000.0|5096000.0|5096000.0|5317000.0|0.0|0.0|12522000.0|6609000.0|5913000.0|6042000.0|6042000.0|2488000.0|32692000.0|32692000.0|-151840000.0|0.0|1.69143212|1.65168709|0.38302949|1.0|2094000.0|2094000.0|-4749000.0|-0.24570571|42339000.0|48002000.0|2.48354719|4307000.0
2014-06-30|130000.0|130000.0|0.0|130000.0|2505000.0|8109000.0|-9108000.0|-9108000.0|0.0|-9108000.0|-4148000.0|-4960000.0|0.0|-4960000.0|-4960000.0|0.0|-0.26|-0.26|-0.26|19487000.0|19487000.0|0.0|-552000.0|306000.0|-368000.0|-150000.0|-345000.0|0.0|42000.0|0.0|0.0|-1265000.0|40782000.0|5684000.0|35098000.0|3831000.0|3831000.0|59000.0|0.0|0.0|10482000.0|10093000.0|389000.0|0.0|0.0|996000.0|28500000.0|28500000.0|-156800000.0|0.0|1.46251347|0.56316259|0.36778947|1.0|-8802000.0|-8802000.0|-702000.0|-0.03602402|26858000.0|40782000.0|2.0927798|-4409000.0
2015-06-30|513000.0|513000.0|424000.0|89000.0|3234000.0|12966000.0|4837000.0|4837000.0|0.0|4837000.0|-5941000.0|10778000.0|531000.0|10247000.0|10247000.0|-20601000.0|0.52|0.52|0.52|19811000.0|19811000.0|0.0|-10858000.0|320000.0|19244000.0|-2268000.0|-9887000.0|0.0|-2323000.0|0.0|0.0|-1501000.0|44218000.0|32594000.0|11624000.0|2330000.0|2330000.0|198000.0|0.0|509000.0|2490000.0|2389000.0|101000.0|0.0|0.0|398000.0|41429000.0|41429000.0|-146022000.0|-23000.0|2.09121195|13.64336542|0.06010283|1.0|5157000.0|5157000.0|-13126000.0|-0.6625612|39499000.0|44218000.0|2.23199233|30205000.0
2016-06-30|2671000.0|2671000.0|2332000.0|339000.0|6469000.0|7708000.0|-13120000.0|-13120000.0|0.0|-13120000.0|-25000.0|-13095000.0|0.0|-13095000.0|-13095000.0|0.0|-0.64|-0.64|-0.64|20388000.0|20388000.0|0.0|-13324000.0|572000.0|15533000.0|-809000.0|-140000.0|0.0|-140000.0|0.0|0.0|2069000.0|30523000.0|22923000.0|7600000.0|4399000.0|4399000.0|607000.0|0.0|496000.0|1896000.0|1800000.0|96000.0|0.0|0.0|237000.0|28667000.0|28667000.0|-159117000.0|-101000.0|1.4060722|12.735|0.06613877|1.0|-12548000.0|-12548000.0|-14133000.0|-0.69320188|24324000.0|30523000.0|1.49710614|21123000.0
