Date|REVENUE|REVENUEUSD|COR|GP|RND|SGNA|EBIT|EBITUSD|INTEXP|EBT|TAXEXP|NETINC|PREFDIVIS|NETINCCMN|NETINCCMNUSD|NETINCDIS|EPS|EPSUSD|EPSDIL|SHARESWA|SHARESWADIL|DPS|NCFO|DEPAMOR|NCFI|CAPEX|NCFF|NCFDEBT|NCFCOMMON|NCFDIV|NCFX|NCF|ASSETS|ASSETSC|ASSETSNC|CASHNEQ|CASHNEQUSD|RECEIVABLES|INTANGIBLES|INVENTORY|LIABILITIES|LIABILITIESC|LIABILITIESNC|DEBT|DEBTUSD|PAYABLES|EQUITY|EQUITYUSD|RETEARN|ACCOCI|BVPS|CURRENTRATIO|DE|DILUTIONRATIO|EBITDA|EBITDAUSD|FCF|FCFPS|INVCAP|TANGIBLES|TBVPS|WORKINGCAPITAL
2009-09-30|586507000.0|586507000.0|221709000.0|364798000.0|0.0|31639000.0|298724000.0|298724000.0|2293000.0|296431000.0|45686000.0|250745000.0|0.0|250745000.0|250745000.0|0.0|3.91|3.91|3.89|64167000.0|64493000.0|0.0|304902000.0|35119000.0|-428318000.0|-430470000.0|102583000.0|102389000.0|194000.0|0.0|0.0|-20833000.0|1509402000.0|304604000.0|1204798000.0|100259000.0|100259000.0|140902000.0|0.0|50136000.0|407109000.0|112918000.0|294191000.0|275000000.0|275000000.0|19066000.0|1102293000.0|1102293000.0|915600000.0|0.0|17.17850297|2.69756815|0.36932921|1.00508049|333843000.0|333843000.0|-125568000.0|-1.95689373|1571225000.0|1509402000.0|23.52302585|191686000.0
2010-09-30|650562000.0|650562000.0|252427000.0|398135000.0|0.0|40620000.0|322704000.0|322704000.0|2725000.0|319979000.0|62983000.0|256996000.0|0.0|256996000.0|256996000.0|0.0|3.99|3.99|3.95|64391000.0|65028000.0|0.0|306400000.0|37030000.0|-181983000.0|-187094000.0|-44153000.0|-45000000.0|847000.0|0.0|0.0|80264000.0|1724440000.0|359994000.0|1364446000.0|180523000.0|180523000.0|112262000.0|0.0|52749000.0|354306000.0|93460000.0|260846000.0|230000000.0|230000000.0|37192000.0|1370134000.0|1370134000.0|1172596000.0|0.0|21.27834635|3.85185106|0.25859223|1.00989269|359734000.0|359734000.0|119306000.0|1.85283658|1680457000.0|1724440000.0|26.78076129|266534000.0
2011-09-30|645076000.0|645076000.0|223565000.0|421511000.0|0.0|44407000.0|329377000.0|329377000.0|4530000.0|324847000.0|53173000.0|271674000.0|0.0|271674000.0|271674000.0|0.0|4.2|4.2|4.15|64754000.0|65403000.0|0.0|339788000.0|43597000.0|-514640000.0|-514858000.0|289331000.0|283139000.0|6192000.0|0.0|0.0|114479000.0|2375391000.0|460931000.0|1914460000.0|295002000.0|295002000.0|99048000.0|0.0|58263000.0|722604000.0|159323000.0|563281000.0|525461000.0|525461000.0|113021000.0|1652787000.0|1652787000.0|1444270000.0|-1527000.0|25.52409118|2.89306001|0.43720334|1.01002255|372974000.0|372974000.0|-175070000.0|-2.70361676|2446527000.0|2375391000.0|36.68330914|301608000.0
2012-09-30|787421000.0|787421000.0|347179000.0|440242000.0|0.0|49776000.0|319764000.0|319764000.0|6460000.0|313304000.0|41133000.0|272171000.0|0.0|272171000.0|272171000.0|0.0|4.17|4.17|4.14|65267000.0|65781000.0|0.0|255603000.0|69887000.0|-777437000.0|-785083000.0|304703000.0|299157000.0|5546000.0|0.0|0.0|-217131000.0|2943762000.0|370534000.0|2573228000.0|77871000.0|77871000.0|179061000.0|0.0|80290000.0|1004340000.0|137647000.0|866693000.0|835148000.0|835148000.0|88467000.0|1939422000.0|1939422000.0|1716441000.0|-3011000.0|29.71520064|2.69191483|0.51785532|1.00787534|389651000.0|389651000.0|-529480000.0|-8.11252241|3563392000.0|2943762000.0|45.10337537|232887000.0
2013-09-30|1063663000.0|1063663000.0|458925000.0|604738000.0|0.0|56786000.0|429704000.0|429704000.0|24903000.0|404801000.0|54577000.0|350224000.0|0.0|350224000.0|350224000.0|0.0|5.38|5.38|5.32|65073000.0|65845000.0|0.0|432110000.0|122734000.0|-745076000.0|-745223000.0|323865000.0|421901000.0|-98036000.0|0.0|0.0|10899000.0|3657266000.0|453760000.0|3203506000.0|88770000.0|88770000.0|211520000.0|0.0|121833000.0|1449895000.0|156872000.0|1293023000.0|1271303000.0|1271303000.0|103772000.0|2207371000.0|2207371000.0|1961405000.0|-1481000.0|33.92145744|2.89254934|0.65684246|1.0118636|552438000.0|552438000.0|-313113000.0|-4.81171915|4682927000.0|3657266000.0|56.20251103|296888000.0
2014-09-30|1173953000.0|1173953000.0|562353000.0|611600000.0|0.0|61461000.0|439096000.0|439096000.0|41803000.0|397293000.0|56471000.0|340822000.0|0.0|340822000.0|340822000.0|0.0|5.31|5.31|5.24|64240000.0|65074000.0|0.0|442620000.0|155992000.0|-914215000.0|-975731000.0|462905000.0|459217000.0|3688000.0|0.0|0.0|-8690000.0|4507228000.0|497807000.0|4009421000.0|80080000.0|80080000.0|254515000.0|0.0|132368000.0|1951704000.0|167377000.0|1784327000.0|1754007000.0|1754007000.0|118504000.0|2555524000.0|2555524000.0|2286137000.0|3561000.0|39.78088418|2.9741661|0.76371969|1.01298257|595088000.0|595088000.0|-533111000.0|-8.2987391|6013778000.0|4507228000.0|70.16232877|330430000.0
2015-09-30|1395851000.0|1395851000.0|559165000.0|836686000.0|0.0|57229000.0|531521000.0|531521000.0|52551000.0|478970000.0|46397000.0|432573000.0|0.0|432573000.0|432573000.0|0.0|6.7|6.7|6.65|64581000.0|65030000.0|0.5|604287000.0|178246000.0|-452421000.0|-448019000.0|-117963000.0|-70465000.0|1064000.0|-48562000.0|0.0|33903000.0|4801333000.0|605935000.0|4195398000.0|113983000.0|113983000.0|323345000.0|0.0|137998000.0|1854163000.0|135448000.0|1718715000.0|1678268000.0|1678268000.0|94029000.0|2947170000.0|2947170000.0|2670148000.0|-728000.0|45.63524876|4.47356181|0.62913337|1.00695251|709767000.0|709767000.0|156268000.0|2.41972097|6230170000.0|4801333000.0|74.34590669|470487000.0
2016-09-30|1020644000.0|1020644000.0|406826000.0|613818000.0|0.0|50550000.0|381321000.0|381321000.0|68566000.0|312755000.0|47483000.0|265272000.0|0.0|265272000.0|265272000.0|0.0|4.09|4.09|4.09|64789000.0|64839000.0|0.07|625008000.0|169115000.0|-202939000.0|-223731000.0|-390625000.0|-382074000.0|0.0|-21745000.0|0.0|31444000.0|4539792000.0|393042000.0|4146750000.0|145427000.0|145427000.0|124922000.0|0.0|109925000.0|1309406000.0|49356000.0|1260050000.0|1227919000.0|1227919000.0|32395000.0|3230386000.0|3230386000.0|2929839000.0|-1794000.0|49.86009971|7.9634087|0.40534041|1.00077174|550436000.0|550436000.0|401277000.0|6.19359768|5572928000.0|4539792000.0|70.07041319|343686000.0
