Date|REVENUE|REVENUEUSD|COR|GP|RND|SGNA|EBIT|EBITUSD|INTEXP|EBT|TAXEXP|NETINC|PREFDIVIS|NETINCCMN|NETINCCMNUSD|NETINCDIS|EPS|EPSUSD|EPSDIL|SHARESWA|SHARESWADIL|DPS|NCFO|DEPAMOR|NCFI|CAPEX|NCFF|NCFDEBT|NCFCOMMON|NCFDIV|NCFX|NCF|ASSETS|ASSETSC|ASSETSNC|CASHNEQ|CASHNEQUSD|RECEIVABLES|INTANGIBLES|INVENTORY|LIABILITIES|LIABILITIESC|LIABILITIESNC|DEBT|DEBTUSD|PAYABLES|EQUITY|EQUITYUSD|RETEARN|ACCOCI|BVPS|CURRENTRATIO|DE|DILUTIONRATIO|EBITDA|EBITDAUSD|FCF|FCFPS|INVCAP|TANGIBLES|TBVPS|WORKINGCAPITAL
2009-09-30|3999800000.0|3999800000.0|2141200000.0|1858600000.0|90500000.0|1157100000.0|590000000.0|590000000.0|144700000.0|445300000.0|147500000.0|297800000.0|0.0|297800000.0|297800000.0|0.0|3.54|3.54|3.5|93626977.0||0.0|489200000.0|130400000.0|-412200000.0|-139700000.0|111000000.0|-408000000.0|515800000.0|0.0|100000.0|188100000.0|6149000000.0|2125800000.0|4023200000.0|359300000.0|359300000.0|810000000.0|3114800000.0|667300000.0|4386700000.0|1159500000.0|3227200000.0|2558600000.0|2558600000.0|231600000.0|1762300000.0|1762300000.0|1963200000.0|-54900000.0|18.82256649|1.83337646|2.48919026||720400000.0|720400000.0|349500000.0|3.73289848|4074000000.0|3034200000.0|32.40732636|966300000.0
2010-09-30|4248300000.0|4248300000.0|2229000000.0|2019300000.0|97100000.0|1227000000.0|668800000.0|668800000.0|125400000.0|543400000.0|140400000.0|403000000.0|0.0|403000000.0|403000000.0|0.0|4.27|4.27|4.24|94680867.0||0.0|652400000.0|139200000.0|-113300000.0|-108700000.0|-234500000.0|-252900000.0|12600000.0|0.0|-34200000.0|270400000.0|6387900000.0|2429500000.0|3958400000.0|629700000.0|629700000.0|824800000.0|3090600000.0|666300000.0|4288300000.0|1253500000.0|3034800000.0|2313400000.0|2313400000.0|271000000.0|2099600000.0|2099600000.0|2353900000.0|-157300000.0|22.17554683|1.93817312|2.04243665||808000000.0|808000000.0|543700000.0|5.74244847|3727500000.0|3297300000.0|34.82540987|1176000000.0
2011-09-30|4645700000.0|4645700000.0|2500000000.0|2145700000.0|108300000.0|1380100000.0|527400000.0|527400000.0|121400000.0|406000000.0|144800000.0|261200000.0|0.0|261200000.0|261200000.0|0.0|2.78|2.78|2.76|92763045.0||0.0|412500000.0|181300000.0|-363500000.0|-98000000.0|-202000000.0|69700000.0|-267800000.0|0.0|-5500000.0|-158500000.0|6531500000.0|2260700000.0|4270800000.0|471200000.0|471200000.0|709800000.0|3353500000.0|653400000.0|4430200000.0|1027400000.0|3402800000.0|2368500000.0|2368500000.0|289600000.0|2101300000.0|2101300000.0|2613000000.0|-180700000.0|22.65233963|2.2004088|2.1083139||708700000.0|708700000.0|314500000.0|3.39035874|4047900000.0|3178000000.0|34.25933247|1233300000.0
2012-09-30|4567200000.0|4567200000.0|2429300000.0|2137900000.0|112500000.0|1337300000.0|692700000.0|692700000.0|127300000.0|565400000.0|156500000.0|408900000.0|0.0|408900000.0|408900000.0|0.0|4.67|4.67|4.61|86889481.0||0.3|631600000.0|162200000.0|-94900000.0|-111000000.0|-283300000.0|158500000.0|-414800000.0|-24900000.0|-6100000.0|247300000.0|6731200000.0|2522600000.0|4208600000.0|718500000.0|718500000.0|676700000.0|3323200000.0|672400000.0|4661700000.0|1307500000.0|3354200000.0|2532500000.0|2532500000.0|325200000.0|2069500000.0|2069500000.0|2993200000.0|-217800000.0|23.81761263|1.92933078|2.25257309||854900000.0|854900000.0|520600000.0|5.99151927|3914500000.0|3408000000.0|39.22223911|1215100000.0
2013-09-30|2448900000.0|2448900000.0|1249500000.0|1199400000.0|69300000.0|811000000.0|583800000.0|583800000.0|126600000.0|457200000.0|50200000.0|407000000.0|0.0|407000000.0|407000000.0|0.0|6.55|6.55|6.47|84004349.0||1.26|750000000.0|144500000.0|-89100000.0|-90600000.0|-377500000.0|-295400000.0|18200000.0|-105600000.0|-3600000.0|279800000.0|6717400000.0|2568400000.0|4149000000.0|998300000.0|998300000.0|480600000.0|3311300000.0|616300000.0|4263800000.0|1153400000.0|3110400000.0|2237800000.0|2237800000.0|340400000.0|2453600000.0|2453600000.0|1144100000.0|-172900000.0|29.2080116|2.2268077|1.73777307||728300000.0|728300000.0|659400000.0|7.8495936|3492200000.0|3406100000.0|40.54671027|1415000000.0
2014-09-30|2612200000.0|2612200000.0|1322300000.0|1289900000.0|69500000.0|906000000.0|503200000.0|503200000.0|119000000.0|384200000.0|28100000.0|356100000.0|0.0|356100000.0|356100000.0|0.0|5.74|5.74|5.69|83317653.0||1.48|572000000.0|136200000.0|-263400000.0|-85300000.0|-147700000.0|54100000.0|-84500000.0|-123900000.0|-30200000.0|130700000.0|6928700000.0|2729600000.0|4199100000.0|1129000000.0|1129000000.0|495000000.0|3334700000.0|616900000.0|4406400000.0|1573700000.0|2832700000.0|2288400000.0|2288400000.0|397100000.0|2522300000.0|2522300000.0|1373000000.0|-271100000.0|30.27329634|1.73451102|1.74697697||639400000.0|639400000.0|486700000.0|5.84149916|3179700000.0|3594000000.0|43.13611666|1155900000.0
2015-09-30|2421200000.0|2421200000.0|1237400000.0|1183800000.0|71000000.0|938700000.0|-338100000.0|-338100000.0|99800000.0|-437900000.0|-162600000.0|-275300000.0|0.0|-275300000.0|-275300000.0|-20800000.0|-4.44|-4.44|-4.44|62193281.0||1.36|148800000.0|115300000.0|-174800000.0|-99400000.0|-327200000.0|451600000.0|-170800000.0|-93200000.0|-63700000.0|-416900000.0|4986300000.0|1636600000.0|3349700000.0|712100000.0|712100000.0|279800000.0|2830300000.0|332800000.0|3122200000.0|666800000.0|2455400000.0|1716100000.0|1716100000.0|236900000.0|1864100000.0|1864100000.0|772900000.0|-171500000.0|29.9726911|2.45440912|1.67491014||-222800000.0|-222800000.0|49400000.0|0.79429802|2493200000.0|2156000000.0|34.66612414|969800000.0
2016-09-30|2362000000.0|2362000000.0|1202100000.0|1159900000.0|71900000.0|749400000.0|291700000.0|291700000.0|71800000.0|219900000.0|41200000.0|178700000.0|0.0|178700000.0|178700000.0|0.0|3.02|3.02|2.99|58950886.0||0.0|176400000.0|92600000.0|-69500000.0|-69500000.0|-83000000.0|114200000.0|-196600000.0|0.0|2900000.0|26800000.0|4771500000.0|1452000000.0|3319500000.0|738900000.0|738900000.0|260700000.0|2805400000.0|309200000.0|2942500000.0|868200000.0|2074300000.0|1844500000.0|1844500000.0|196500000.0|1829000000.0|1829000000.0|946000000.0|-197200000.0|31.02582716|1.67242571|1.60880262||384300000.0|384300000.0|106900000.0|1.81337393|2203500000.0|1966100000.0|33.35149195|583800000.0
