Date|REVENUE|REVENUEUSD|COR|GP|RND|SGNA|EBIT|EBITUSD|INTEXP|EBT|TAXEXP|NETINC|PREFDIVIS|NETINCCMN|NETINCCMNUSD|NETINCDIS|EPS|EPSUSD|EPSDIL|SHARESWA|SHARESWADIL|DPS|NCFO|DEPAMOR|NCFI|CAPEX|NCFF|NCFDEBT|NCFCOMMON|NCFDIV|NCFX|NCF|ASSETS|ASSETSC|ASSETSNC|CASHNEQ|CASHNEQUSD|RECEIVABLES|INTANGIBLES|INVENTORY|LIABILITIES|LIABILITIESC|LIABILITIESNC|DEBT|DEBTUSD|PAYABLES|EQUITY|EQUITYUSD|RETEARN|ACCOCI|BVPS|CURRENTRATIO|DE|DILUTIONRATIO|EBITDA|EBITDAUSD|FCF|FCFPS|INVCAP|TANGIBLES|TBVPS|WORKINGCAPITAL
2009-06-30|119002215.0|119002215.0|73757746.0|45244469.0|8427135.0|26059104.0|10946712.0|10946712.0|321751.0|10624961.0|4090716.0|6534245.0|0.0|6534245.0|6534245.0|0.0|0.27|0.27|0.27|24447016.0|24587378.0|0.0|20572848.0|5099108.0|-173576.0|-1602614.0|-823528.0|-840066.0|16538.0|0.0|0.0|19575744.0|124577121.0|77311175.0|47265946.0|25832456.0|25832456.0|30036173.0|9118710.0|16195361.0|46929498.0|38679005.0|8250493.0|8138768.0|8138768.0|30540008.0|77647623.0|77647623.0|1743565.0|24751.0|3.17615954|1.99878914|0.60439066|1.00574148|16045820.0|16045820.0|18970234.0|0.77597339|59085718.0|115458411.0|4.72280179|38632170.0
2010-06-30|125178000.0|125178000.0|83838000.0|41340000.0|11252000.0|17375000.0|12910000.0|12910000.0|276000.0|12634000.0|4813000.0|7821000.0|0.0|7821000.0|7821000.0|0.0|0.32|0.32|0.31|24743902.0|25199373.0|0.0|6941000.0|4888000.0|-10979000.0|-11319000.0|67000.0|-419000.0|594000.0|0.0|34000.0|-3937000.0|139963797.0|87734374.0|52229423.0|21895648.0|21895648.0|38324258.0|7785298.0|19056868.0|51006082.0|47629669.0|3376413.0|7719827.0|7719827.0|31530087.0|88957715.0|88957715.0|9564632.0|44692.0|3.59513689|1.842011|0.57337446|1.0184074|17798000.0|17798000.0|-4378000.0|-0.17693248|70373009.0|132178499.0|5.34186156|40104705.0
2011-06-30|106835000.0|106835000.0|83515000.0|23320000.0|8587000.0|15912000.0|-524000.0|-524000.0|214000.0|-738000.0|-461000.0|-277000.0|0.0|-277000.0|-277000.0|0.0|-0.01|-0.01|-0.01|26758552.0|26758552.0|0.0|-6202000.0|4976000.0|-25648000.0|-7245000.0|15243000.0|102000.0|15230000.0|0.0|-12000.0|-16619000.0|147744000.0|94142000.0|53602000.0|5277000.0|5277000.0|33464000.0|5910000.0|26903000.0|42055000.0|34860000.0|7195000.0|7822000.0|7822000.0|31942000.0|105689000.0|105689000.0|9288000.0|24000.0|3.94972792|2.70057372|0.39791274|1.0|4452000.0|4452000.0|-13447000.0|-0.50253093|109519000.0|141834000.0|5.30051103|59282000.0
2012-06-30|122990000.0|122990000.0|84043000.0|38947000.0|11844000.0|20193000.0|6821000.0|6821000.0|273000.0|6548000.0|2600000.0|3948000.0|0.0|3948000.0|3948000.0|0.0|0.14|0.14|0.14|28263335.0|28408432.0|0.0|11121000.0|5735000.0|7379000.0|-5230000.0|-1130000.0|-661000.0|-450000.0|0.0|-85000.0|17285000.0|142592000.0|90855000.0|51737000.0|22562000.0|22562000.0|26586000.0|4429000.0|27064000.0|31279000.0|24766000.0|6513000.0|7161000.0|7161000.0|17989000.0|111123000.0|111123000.0|13236000.0|-63000.0|3.93170162|3.66853751|0.28148088|1.00513375|12556000.0|12556000.0|5891000.0|0.20843259|97996000.0|138163000.0|4.88841816|66089000.0
2013-06-30|151054000.0|151054000.0|93634000.0|57420000.0|16253000.0|22410000.0|20871000.0|20871000.0|251000.0|20620000.0|7303000.0|13317000.0|0.0|13317000.0|13317000.0|0.0|0.47|0.47|0.46|28467598.0|28942933.0|0.0|26500000.0|6198000.0|-8603000.0|-7509000.0|2214000.0|-647000.0|2643000.0|0.0|16000.0|20127000.0|167752000.0|116129000.0|51623000.0|42689000.0|42689000.0|26413000.0|2547000.0|32531000.0|38943000.0|33099000.0|5844000.0|6514000.0|6514000.0|23735000.0|128576000.0|128576000.0|26553000.0|-47000.0|4.51657354|3.508535|0.30287923|1.0166974|27069000.0|27069000.0|18991000.0|0.66710932|95931000.0|165205000.0|5.80326447|83030000.0
2014-06-30|273771000.0|273771000.0|97839000.0|175932000.0|27713000.0|38606000.0|90088000.0|90088000.0|130000.0|89958000.0|32857000.0|57101000.0|0.0|57101000.0|57101000.0|0.0|1.7|1.7|1.62|33663589.0|35193376.0|0.0|45103000.0|5984000.0|-56359000.0|-26034000.0|74161000.0|-5778000.0|72922000.0|0.0|-7000.0|62898000.0|342773000.0|265547000.0|77226000.0|105587000.0|105587000.0|61325000.0|927000.0|44844000.0|48008000.0|46999000.0|1009000.0|1138000.0|1138000.0|25540000.0|294470000.0|294470000.0|83654000.0|-54000.0|8.74743332|5.65005638|0.16303189|1.04544337|96072000.0|96072000.0|19069000.0|0.56645772|190398000.0|341846000.0|10.15476989|218548000.0
2015-06-30|406837000.0|406837000.0|100344000.0|306493000.0|30342000.0|45206000.0|227556000.0|227556000.0|207000.0|227349000.0|77430000.0|149919000.0|0.0|149919000.0|149919000.0|0.0|4.18|4.18|4.04|35827167.0|37127117.0|0.0|128518000.0|5583000.0|-45813000.0|-31882000.0|12289000.0|-564000.0|4817000.0|0.0|-241000.0|94753000.0|508766000.0|370546000.0|138220000.0|200340000.0|200340000.0|91103000.0|29231000.0|46191000.0|45000000.0|43548000.0|1452000.0|1009000.0|1009000.0|26748000.0|463413000.0|463413000.0|233573000.0|-295000.0|12.93468166|8.50890971|0.09710561|1.03628392|233139000.0|233139000.0|96636000.0|2.69728276|236656000.0|479535000.0|13.38467538|326998000.0
2016-06-30|542493000.0|542493000.0|237371000.0|305122000.0|45054000.0|68325000.0|128041000.0|128041000.0|65937000.0|62104000.0|17322000.0|44782000.0|0.0|44782000.0|44782000.0|0.0|1.23|1.23|1.2|36442782.0|37389445.0|0.0|135277000.0|33433000.0|-959067000.0|-24251000.0|848219000.0|843867000.0|2865000.0|0.0|0.0|24429000.0|1764018000.0|612815000.0|1151203000.0|224769000.0|224769000.0|211722000.0|909114000.0|114904000.0|1209561000.0|306669000.0|902892000.0|1061848000.0|1061848000.0|61741000.0|554049000.0|554049000.0|278355000.0|-295000.0|15.20325753|1.99829458|2.18313001|1.02597669|161474000.0|161474000.0|111026000.0|3.04658409|1385314000.0|854904000.0|23.4588018|306146000.0
