Date|REVENUE|REVENUEUSD|COR|GP|RND|SGNA|EBIT|EBITUSD|INTEXP|EBT|TAXEXP|NETINC|PREFDIVIS|NETINCCMN|NETINCCMNUSD|NETINCDIS|EPS|EPSUSD|EPSDIL|SHARESWA|SHARESWADIL|DPS|NCFO|DEPAMOR|NCFI|CAPEX|NCFF|NCFDEBT|NCFCOMMON|NCFDIV|NCFX|NCF|ASSETS|ASSETSC|ASSETSNC|CASHNEQ|CASHNEQUSD|RECEIVABLES|INTANGIBLES|INVENTORY|LIABILITIES|LIABILITIESC|LIABILITIESNC|DEBT|DEBTUSD|PAYABLES|EQUITY|EQUITYUSD|RETEARN|ACCOCI|BVPS|CURRENTRATIO|DE|DILUTIONRATIO|EBITDA|EBITDAUSD|FCF|FCFPS|INVCAP|TANGIBLES|TBVPS|WORKINGCAPITAL
2009-04-30|4083577000.0|4083577000.0|2596218000.0|1487359000.0|0.0|648490000.0|811988000.0|811988000.0|0.0|811988000.0|326315000.0|485673000.0|0.0|485673000.0|485673000.0|27382000.0|1.45|1.45|1.45|339666500.0||0.59|1024439000.0|123631000.0|5560000.0|-97880000.0|-40233000.0|-29000000.0|106820000.0|-198685000.0|0.0|989766000.0|5359722000.0|2571080000.0|2788642000.0|1706319000.0|1706319000.0|512814000.0|1236228000.0|0.0|3953863000.0|2398280000.0|1555583000.0|1140904000.0|1140904000.0|705945000.0|1405859000.0|1405859000.0|2671437000.0|-11639000.0|4.13893922|1.07205164|2.81241789||935619000.0|935619000.0|926559000.0|2.72784923|1159799000.0|4123494000.0|12.13983128|172800000.0
2010-04-30|3014835000.0|3014835000.0|1820417000.0|1194418000.0|0.0|480604000.0|747533000.0|747533000.0|0.0|747533000.0|268291000.0|479242000.0|0.0|479242000.0|479242000.0|-24119000.0|1.44|1.44|1.43|329233821.0||0.6|587469000.0|126901000.0|31353000.0|-90515000.0|-481118000.0|-25046000.0|-237568000.0|-200899000.0|11678000.0|149382000.0|5234318000.0|2649036000.0|2585282000.0|1838395000.0|1838395000.0|517986000.0|1207879000.0|0.0|3793688000.0|2321491000.0|1472197000.0|1113832000.0|1113832000.0|756577000.0|1440630000.0|1440630000.0|2658586000.0|1678000.0|4.37570477|1.14109251|2.63335346||874434000.0|874434000.0|496954000.0|1.50942573|980385000.0|4026439000.0|12.22972472|327545000.0
2011-04-30|2944980000.0|2944980000.0|1776782000.0|1168198000.0|0.0|529159000.0|641266000.0|641266000.0|0.0|641266000.0|235156000.0|406110000.0|0.0|406110000.0|406110000.0|-13563000.0|1.31|1.31|1.31|305250229.0||0.6|512503000.0|121633000.0|-110157000.0|-62959000.0|-534391000.0|-50000000.0|-283110000.0|-186802000.0|5844000.0|-126201000.0|5289453000.0|3048087000.0|2241366000.0|1726227000.0|1726227000.0|230172000.0|709493000.0|0.0|3839879000.0|2337980000.0|1501899000.0|1065084000.0|1065084000.0|550982000.0|1449574000.0|1449574000.0|2658103000.0|11233000.0|4.74880561|1.30372672|2.64897066||762899000.0|762899000.0|449544000.0|1.47270651|1580837000.0|4579960000.0|15.00395271|710107000.0
2012-04-30|2893771000.0|2893771000.0|1701695000.0|1192076000.0|0.0|618375000.0|496034000.0|496034000.0|0.0|496034000.0|230102000.0|265932000.0|0.0|265932000.0|265932000.0|80036000.0|0.89|0.89|0.89|293563719.0||0.7|362049000.0|103576000.0|351867000.0|-82457000.0|-445062000.0|-25000000.0|-168317000.0|-208801000.0|-2364000.0|266490000.0|4649567000.0|2500994000.0|2148573000.0|1992434000.0|1992434000.0|193858000.0|704230000.0|0.0|3323675000.0|2526428000.0|797247000.0|1040549000.0|1040549000.0|567079000.0|1325892000.0|1325892000.0|2523997000.0|12145000.0|4.51653905|0.98993282|2.5067464||599610000.0|599610000.0|279592000.0|0.95240652|467024000.0|3945337000.0|13.43945707|-25434000.0
2013-04-30|2905943000.0|2905943000.0|1530491000.0|1375452000.0|0.0|604469000.0|670801000.0|670801000.0|0.0|670801000.0|236853000.0|433948000.0|0.0|433948000.0|433948000.0|31210000.0|1.59|1.59|1.58|272319178.0||0.8|497108000.0|92407000.0|-110937000.0|-113239000.0|-584541000.0|-139436000.0|-315274000.0|-217201000.0|1620000.0|-196750000.0|4537779000.0|2462343000.0|2075436000.0|1865421000.0|1865421000.0|206835000.0|719221000.0|0.0|3274232000.0|2012205000.0|1262027000.0|906680000.0|906680000.0|523921000.0|1263547000.0|1263547000.0|1333445000.0|10550000.0|4.63994864|1.22370385|2.5913021||763208000.0|763208000.0|383869000.0|1.40962896|847612000.0|3818558000.0|14.02236166|450138000.0
2014-04-30|3024295000.0|3024295000.0|1572377000.0|1451918000.0|0.0|633428000.0|742176000.0|742176000.0|0.0|742176000.0|267019000.0|475157000.0|0.0|475157000.0|475157000.0|24940000.0|1.73|1.73|1.72|274217420.0||0.8|809581000.0|115604000.0|10690000.0|-147011000.0|-364930000.0|0.0|22140000.0|-218980000.0|-17618000.0|437723000.0|4693529000.0|3114006000.0|1579523000.0|2300626000.0|2300626000.0|191618000.0|791739000.0|0.0|3136980000.0|2313116000.0|823864000.0|906474000.0|906474000.0|222489000.0|1556549000.0|1556549000.0|1589297000.0|5177000.0|5.67633158|1.34623858|2.01534292||857780000.0|857780000.0|662570000.0|2.41622141|194522000.0|3901790000.0|14.22881887|800890000.0
2015-04-30|3078658000.0|3078658000.0|1630490000.0|1448168000.0|0.0|653502000.0|774970000.0|774970000.0|45246000.0|729724000.0|256061000.0|473663000.0|0.0|473663000.0|473663000.0|13081000.0|1.72|1.72|1.71|275248147.0||0.8|626608000.0|159804000.0|-148932000.0|-123158000.0|-645807000.0|-400000000.0|6073000.0|-219960000.0|-9986000.0|-178117000.0|4515420000.0|2951301000.0|1564119000.0|2099162000.0|2099162000.0|167964000.0|873973000.0|0.0|2682471000.0|1878289000.0|804182000.0|506088000.0|506088000.0|231322000.0|1832949000.0|1832949000.0|1836442000.0|1740000.0|6.65926009|1.57127098|1.4634728||934774000.0|934774000.0|503450000.0|1.8290768|170084000.0|3641447000.0|13.22968761|1073012000.0
2016-04-30|3038153000.0|3038153000.0|1685552000.0|1352601000.0|0.0|719409000.0|629155000.0|629155000.0|68962000.0|560193000.0|185926000.0|374267000.0|0.0|374267000.0|374267000.0|9286000.0|1.5|1.5|1.49|224405675.0||0.8|532394000.0|173598000.0|329515000.0|-99923000.0|-1961729000.0|996831000.0|-1992563000.0|-201688000.0|-10569000.0|-1110389000.0|2847225000.0|1220601000.0|1626624000.0|1000911000.0|1000911000.0|153116000.0|904642000.0|0.0|2824122000.0|1039605000.0|1784517000.0|1492201000.0|1492201000.0|259586000.0|23103000.0|23103000.0|40347000.0|-11233000.0|0.10295194|1.17410074|122.24048825||802753000.0|802753000.0|432471000.0|1.92718388|1394268000.0|1942583000.0|8.65656807|180996000.0
