Date|REVENUE|REVENUEUSD|COR|GP|RND|SGNA|EBIT|EBITUSD|INTEXP|EBT|TAXEXP|NETINC|PREFDIVIS|NETINCCMN|NETINCCMNUSD|NETINCDIS|EPS|EPSUSD|EPSDIL|SHARESWA|SHARESWADIL|DPS|NCFO|DEPAMOR|NCFI|CAPEX|NCFF|NCFDEBT|NCFCOMMON|NCFDIV|NCFX|NCF|ASSETS|ASSETSC|ASSETSNC|CASHNEQ|CASHNEQUSD|RECEIVABLES|INTANGIBLES|INVENTORY|LIABILITIES|LIABILITIESC|LIABILITIESNC|DEBT|DEBTUSD|PAYABLES|EQUITY|EQUITYUSD|RETEARN|ACCOCI|BVPS|CURRENTRATIO|DE|DILUTIONRATIO|EBITDA|EBITDAUSD|FCF|FCFPS|INVCAP|TANGIBLES|TBVPS|WORKINGCAPITAL
2009-06-30|1051491000.0|1051491000.0|835999000.0|215492000.0|0.0|84238000.0|138223000.0|138223000.0|1217000.0|137006000.0|47920000.0|89086000.0|0.0|89086000.0|89086000.0|0.0|3.18|3.18|3.18|28033000.0|28044000.0|1.14|133164000.0|21870000.0|-10974000.0|-9336000.0|-103123000.0|-59782000.0|-11487000.0|-31854000.0|0.0|19067000.0|498481000.0|222812000.0|275669000.0|38484000.0|38484000.0|61152000.0|100518000.0|102523000.0|95925000.0|74579000.0|21346000.0|0.0|0.0|41180000.0|402556000.0|402556000.0|998476000.0|-9085000.0|14.36007563|2.98759704|0.23828983|1.00039239|160093000.0|160093000.0|123828000.0|4.41722256|284900000.0|397963000.0|14.19623301|148233000.0
2010-06-30|1056608000.0|1056608000.0|786276000.0|270332000.0|0.0|93821000.0|175138000.0|175138000.0|0.0|175138000.0|60169000.0|114969000.0|0.0|114969000.0|114969000.0|0.0|4.08|4.08|4.07|28144000.0|28174000.0|1.18|107691000.0|20533000.0|-14100000.0|-12764000.0|-31185000.0|2000000.0|245000.0|-33430000.0|0.0|62406000.0|586453000.0|317399000.0|269054000.0|100890000.0|100890000.0|67766000.0|99354000.0|121509000.0|101545000.0|77953000.0|23592000.0|0.0|0.0|41904000.0|484908000.0|484908000.0|1080015000.0|-9797000.0|17.22953383|4.07167139|0.20941086|1.00106595|195671000.0|195671000.0|94927000.0|3.37290364|308256000.0|487099000.0|17.30738346|239446000.0
2011-06-30|1089946000.0|1089946000.0|847517000.0|242429000.0|0.0|95425000.0|161506000.0|161506000.0|0.0|161506000.0|55142000.0|106364000.0|0.0|106364000.0|106364000.0|0.0|3.84|3.84|3.84|27664000.0|27689000.0|1.29|147454000.0|18940000.0|-35758000.0|-35324000.0|-80320000.0|-2000000.0|-43103000.0|-35696000.0|0.0|31376000.0|622089000.0|333196000.0|288893000.0|132266000.0|132266000.0|63762000.0|98190000.0|111885000.0|104550000.0|76156000.0|28394000.0|0.0|0.0|42570000.0|517539000.0|517539000.0|1150683000.0|-7043000.0|18.7080321|4.37517727|0.20201376|1.0009037|180446000.0|180446000.0|112130000.0|4.05328224|315477000.0|523899000.0|18.93793378|257040000.0
2012-06-30|988937000.0|988937000.0|765509000.0|223428000.0|0.0|82246000.0|144675000.0|144675000.0|0.0|144675000.0|48867000.0|95808000.0|0.0|95808000.0|95808000.0|0.0|3.51|3.51|3.51|27233000.0|27265000.0|1.41|122447000.0|20266000.0|-16599000.0|-15452000.0|-46478000.0|0.0|-8315000.0|-38464000.0|0.0|59370000.0|682635000.0|391739000.0|290896000.0|191636000.0|191636000.0|73326000.0|97107000.0|109704000.0|118368000.0|72671000.0|45697000.0|0.0|0.0|40708000.0|564267000.0|564267000.0|1208027000.0|-12162000.0|20.71997209|5.39058221|0.20977303|1.00117504|164941000.0|164941000.0|106995000.0|3.92887306|321221000.0|585528000.0|21.50067932|319068000.0
2013-06-30|1013803000.0|1013803000.0|769096000.0|244707000.0|0.0|90784000.0|159207000.0|159207000.0|0.0|159207000.0|49958000.0|109249000.0|0.0|109249000.0|109249000.0|0.0|4.0|4.0|3.99|27252000.0|27285000.0|6.52|131682000.0|20114000.0|-22378000.0|-21311000.0|-177554000.0|324000.0|-609000.0|-178063000.0|0.0|-68250000.0|619964000.0|326058000.0|293906000.0|123385000.0|123385000.0|56337000.0|96162000.0|67809000.0|118742000.0|77177000.0|41565000.0|0.0|0.0|36459000.0|501222000.0|501222000.0|1139213000.0|-8391000.0|18.39211801|4.22480791|0.236905|1.00121092|179321000.0|179321000.0|110371000.0|4.05001468|323240000.0|523802000.0|19.22068105|248881000.0
2014-06-30|1041075000.0|1041075000.0|792507000.0|248568000.0|0.0|94801000.0|127279000.0|127279000.0|0.0|127279000.0|52293000.0|74986000.0|0.0|74986000.0|74986000.0|26000000.0|2.75|2.75|2.74|27264000.0|27308000.0|1.72|129091000.0|20407000.0|8475000.0|-15955000.0|-49412000.0|-324000.0|-3120000.0|-46988000.0|0.0|88154000.0|638630000.0|367291000.0|271339000.0|211539000.0|211539000.0|57808000.0|95216000.0|74516000.0|110033000.0|69072000.0|40961000.0|0.0|0.0|37907000.0|528597000.0|528597000.0|1167211000.0|-8061000.0|19.38809419|5.31750927|0.20816047|1.00161385|147686000.0|147686000.0|113136000.0|4.14964789|262803000.0|543414000.0|19.9315581|298219000.0
2015-06-30|1104514000.0|1104514000.0|846822000.0|257692000.0|0.0|102831000.0|154552000.0|154552000.0|0.0|154552000.0|52866000.0|101686000.0|0.0|101686000.0|101686000.0|0.0|3.72|3.72|3.72|27300000.0|27327000.0|1.82|132772000.0|21111000.0|-112325000.0|-18298000.0|-49784000.0|0.0|-569000.0|-49778000.0|0.0|-29337000.0|702156000.0|330210000.0|371946000.0|182202000.0|182202000.0|62437000.0|191559000.0|77899000.0|121238000.0|74644000.0|46594000.0|0.0|0.0|38823000.0|580918000.0|580918000.0|1219119000.0|-10057000.0|21.27904762|4.4237983|0.20870071|1.00098901|175663000.0|175663000.0|114474000.0|4.19318681|253751000.0|510597000.0|18.70318681|255566000.0
2016-06-30|1191109000.0|1191109000.0|891480000.0|299629000.0|0.0|115059000.0|184633000.0|184633000.0|0.0|184633000.0|62869000.0|121764000.0|0.0|121764000.0|121764000.0|0.0|4.45|4.45|4.44|27336000.0|27373000.0|6.96|142585000.0|24147000.0|-17423000.0|-16671000.0|-189284000.0|0.0|-155000.0|-190546000.0|0.0|-64122000.0|634732000.0|267827000.0|366905000.0|118080000.0|118080000.0|66006000.0|188654000.0|76097000.0|121134000.0|73003000.0|48131000.0|0.0|0.0|39931000.0|513598000.0|513598000.0|1150337000.0|-11350000.0|18.78833772|3.66871224|0.23585372|1.00135353|208780000.0|208780000.0|125914000.0|4.60616037|254995000.0|446078000.0|16.3183348|194824000.0
