Date|REVENUE|REVENUEUSD|COR|GP|RND|SGNA|EBIT|EBITUSD|INTEXP|EBT|TAXEXP|NETINC|PREFDIVIS|NETINCCMN|NETINCCMNUSD|NETINCDIS|EPS|EPSUSD|EPSDIL|SHARESWA|SHARESWADIL|DPS|NCFO|DEPAMOR|NCFI|CAPEX|NCFF|NCFDEBT|NCFCOMMON|NCFDIV|NCFX|NCF|ASSETS|ASSETSC|ASSETSNC|CASHNEQ|CASHNEQUSD|RECEIVABLES|INTANGIBLES|INVENTORY|LIABILITIES|LIABILITIESC|LIABILITIESNC|DEBT|DEBTUSD|PAYABLES|EQUITY|EQUITYUSD|RETEARN|ACCOCI|BVPS|CURRENTRATIO|DE|DILUTIONRATIO|EBITDA|EBITDAUSD|FCF|FCFPS|INVCAP|TANGIBLES|TBVPS|WORKINGCAPITAL
2009-03-31|73210000.0|73210000.0|20437000.0|52773000.0|25328000.0|55357000.0|-30845000.0|-30845000.0|0.0|-30845000.0|752000.0|-31597000.0|0.0|-31597000.0|-31597000.0|0.0|-0.91|-0.91|-0.91|34882000.0|34882000.0|0.0|-18305000.0|5016000.0|-26805000.0|-3751000.0|46230000.0|0.0|46941000.0|0.0|-1377000.0|-257000.0|135958000.0|88489000.0|47469000.0|1785000.0|1785000.0|15724000.0|35654000.0|14777000.0|19975000.0|17579000.0|2396000.0|0.0|0.0|5550000.0|115983000.0|115983000.0|-243991000.0|-1663000.0|3.32501003|5.03379032|0.17222352|1.0|-25829000.0|-25829000.0|-22056000.0|-0.63230319|80940000.0|100304000.0|2.87552319|70910000.0
2010-03-31|85713000.0|85713000.0|22529000.0|63184000.0|25954000.0|60837000.0|-18353000.0|-18353000.0|0.0|-18353000.0|671000.0|-19024000.0|0.0|-19024000.0|-19024000.0|0.0|-0.52|-0.52|-0.52|36875000.0|36875000.0|0.0|-7362000.0|4898000.0|8818000.0|-1800000.0|979000.0|0.0|979000.0|0.0|568000.0|3003000.0|129570000.0|82668000.0|46902000.0|4788000.0|4788000.0|13516000.0|40149000.0|9211000.0|21614000.0|18064000.0|3550000.0|0.0|0.0|3764000.0|107956000.0|107956000.0|-263015000.0|-1002000.0|2.92762034|4.57639504|0.2002112|1.0|-13455000.0|-13455000.0|-9162000.0|-0.24846102|66569000.0|89421000.0|2.42497627|64604000.0
2011-03-31|101151000.0|101151000.0|21977000.0|79174000.0|26677000.0|62287000.0|-10863000.0|-10863000.0|0.0|-10863000.0|892000.0|-11755000.0|0.0|-11755000.0|-11755000.0|0.0|-0.32|-0.32|-0.32|37167000.0|37167000.0|0.0|1574000.0|3948000.0|-2352000.0|-1804000.0|1374000.0|0.0|1374000.0|0.0|447000.0|1043000.0|131588000.0|84737000.0|46851000.0|5831000.0|5831000.0|15376000.0|40578000.0|7505000.0|26845000.0|22343000.0|4502000.0|0.0|0.0|6283000.0|104743000.0|104743000.0|-274770000.0|745000.0|2.81817203|3.79255248|0.25629398|1.0|-6915000.0|-6915000.0|-230000.0|-0.00618829|62836000.0|91010000.0|2.44867759|62394000.0
2012-03-31|126375000.0|126375000.0|24507000.0|101868000.0|27159000.0|71711000.0|2543000.0|2543000.0|0.0|2543000.0|1048000.0|1495000.0|0.0|1495000.0|1495000.0|0.0|0.04|0.04|0.04|38374000.0|40172000.0|0.0|3634000.0|4336000.0|-17480000.0|-1745000.0|14680000.0|0.0|14680000.0|0.0|-675000.0|159000.0|153911000.0|110539000.0|43372000.0|5990000.0|5990000.0|20458000.0|36846000.0|11142000.0|27614000.0|22415000.0|5199000.0|0.0|0.0|6910000.0|126297000.0|126297000.0|-273275000.0|-1765000.0|3.2912128|4.93147446|0.21864336|1.04685464|6879000.0|6879000.0|1889000.0|0.04922604|88660000.0|117065000.0|3.05063324|88124000.0
2013-03-31|158124000.0|158124000.0|31596000.0|126528000.0|25647000.0|84227000.0|16862000.0|16862000.0|0.0|16862000.0|1848000.0|15014000.0|0.0|15014000.0|15014000.0|0.0|0.38|0.38|0.37|39113000.0|41052000.0|0.0|26399000.0|2723000.0|-10265000.0|-2836000.0|-11811000.0|0.0|-11554000.0|0.0|-862000.0|3461000.0|169999000.0|116605000.0|53394000.0|9451000.0|9451000.0|22946000.0|35410000.0|14930000.0|32919000.0|27056000.0|5863000.0|0.0|0.0|7696000.0|137080000.0|137080000.0|-258261000.0|-3737000.0|3.5047171|4.30976493|0.24014444|1.04957431|19585000.0|19585000.0|23563000.0|0.60243397|98082000.0|134589000.0|3.44102984|89549000.0
2014-03-31|183643000.0|183643000.0|37322000.0|146321000.0|30707000.0|107251000.0|8530000.0|8530000.0|0.0|8530000.0|1179000.0|7351000.0|0.0|7351000.0|7351000.0|0.0|0.19|0.19|0.18|39334000.0|41606000.0|0.0|23466000.0|2508000.0|-22272000.0|-2761000.0|9632000.0|0.0|10057000.0|0.0|639000.0|11465000.0|205407000.0|117966000.0|87441000.0|20916000.0|20916000.0|24357000.0|37990000.0|13948000.0|37054000.0|30411000.0|6643000.0|0.0|0.0|7746000.0|168353000.0|168353000.0|-250910000.0|-730000.0|4.28008847|3.87905692|0.22009706|1.05776173|11038000.0|11038000.0|20705000.0|0.52638938|116090000.0|167417000.0|4.25629227|87555000.0
2015-03-31|230311000.0|230311000.0|39945000.0|190366000.0|35973000.0|125727000.0|28765000.0|28765000.0|0.0|28765000.0|-84923000.0|113688000.0|0.0|113688000.0|113688000.0|0.0|2.8|2.8|2.65|40632000.0|42858000.0|0.0|43290000.0|2770000.0|-49863000.0|-5188000.0|9523000.0|0.0|11722000.0|0.0|-1465000.0|1485000.0|338367000.0|185039000.0|153328000.0|22401000.0|22401000.0|31828000.0|31534000.0|16774000.0|46807000.0|39319000.0|7488000.0|0.0|0.0|10389000.0|291560000.0|291560000.0|-137222000.0|-17330000.0|7.17562512|4.70609629|0.16053985|1.05478441|31535000.0|31535000.0|38102000.0|0.93773381|245113000.0|306833000.0|7.55151112|145720000.0
2016-03-31|329543000.0|329543000.0|50419000.0|279124000.0|49759000.0|164261000.0|65838000.0|65838000.0|0.0|65838000.0|27691000.0|38147000.0|0.0|38147000.0|38147000.0|0.0|0.9|0.9|0.85|42204000.0|44895000.0|0.0|76795000.0|3277000.0|-57710000.0|-15624000.0|7160000.0|0.0|10906000.0|0.0|-415000.0|25830000.0|423931000.0|288392000.0|135539000.0|48231000.0|48231000.0|42821000.0|33003000.0|26740000.0|55156000.0|46541000.0|8615000.0|0.0|0.0|9381000.0|368775000.0|368775000.0|-99075000.0|-14540000.0|8.73791584|6.1965149|0.14956545|1.06376173|69115000.0|69115000.0|61171000.0|1.44941238|296156000.0|390928000.0|9.26281869|241851000.0
