Date|REVENUE|REVENUEUSD|COR|GP|RND|SGNA|EBIT|EBITUSD|INTEXP|EBT|TAXEXP|NETINC|PREFDIVIS|NETINCCMN|NETINCCMNUSD|NETINCDIS|EPS|EPSUSD|EPSDIL|SHARESWA|SHARESWADIL|DPS|NCFO|DEPAMOR|NCFI|CAPEX|NCFF|NCFDEBT|NCFCOMMON|NCFDIV|NCFX|NCF|ASSETS|ASSETSC|ASSETSNC|CASHNEQ|CASHNEQUSD|RECEIVABLES|INTANGIBLES|INVENTORY|LIABILITIES|LIABILITIESC|LIABILITIESNC|DEBT|DEBTUSD|PAYABLES|EQUITY|EQUITYUSD|RETEARN|ACCOCI|BVPS|CURRENTRATIO|DE|DILUTIONRATIO|EBITDA|EBITDAUSD|FCF|FCFPS|INVCAP|TANGIBLES|TBVPS|WORKINGCAPITAL
2009-05-31|62584000.0|62584000.0|19551000.0|43033000.0|0.0|37626000.0|5752000.0|5752000.0|834000.0|4918000.0|1797000.0|3121000.0|0.0|3121000.0|3121000.0|0.0|0.0|0.0|0.0|||0.0|9223000.0|2165000.0|-2412000.0|-604000.0|-5411000.0|-5354000.0|0.0|-57000.0|0.0|1400000.0|28865000.0|11439000.0|17426000.0|3508000.0|3508000.0|1410000.0|767000.0|4718000.0|23973000.0|15148000.0|8825000.0|11959000.0|11959000.0|3878000.0|5876000.0|5876000.0|7251000.0|109000.0||0.75514919|4.0798162||7917000.0|7917000.0|8619000.0||21401000.0|28098000.0||-3709000.0
2010-05-31|89796000.0|89796000.0|23256000.0|66540000.0|0.0|49886000.0|17045000.0|17045000.0|525000.0|16520000.0|6485000.0|10035000.0|0.0|10035000.0|10035000.0|0.0|-0.04|-0.04|-0.04|6187653.0||0.19|13082000.0|2320000.0|-11567000.0|-4504000.0|3672000.0|-11959000.0|0.0|-3781000.0|0.0|5187000.0|47286000.0|26832000.0|20454000.0|8695000.0|8695000.0|2775000.0|768000.0|4278000.0|25929000.0|22398000.0|3531000.0|0.0|0.0|15753000.0|21652000.0|21652000.0|2389000.0|96000.0|3.4992266|1.1979641|1.19753372||19365000.0|19365000.0|8578000.0|1.38630915|15425000.0|46518000.0|7.51787471|4434000.0
2011-05-31|106808000.0|106808000.0|25844000.0|80964000.0|0.0|64474000.0|16641000.0|16641000.0|0.0|16641000.0|6375000.0|10266000.0|0.0|10266000.0|10266000.0|0.0|0.39|0.39|0.38|26236783.0|26836039.0|0.09|15777000.0|2861000.0|-15173000.0|-6658000.0|16417000.0|0.0|24572000.0|-13391000.0|0.0|17021000.0|77938000.0|51835000.0|26103000.0|25716000.0|25716000.0|2435000.0|956000.0|4033000.0|19433000.0|12358000.0|7075000.0|0.0|0.0|5661000.0|58762000.0|58762000.0|9549000.0|72000.0|2.23968007|4.19444894|0.33070692|1.0228403|19502000.0|19502000.0|9119000.0|0.34756548|38908000.0|76982000.0|2.93412496|39477000.0
2012-05-31|118894000.0|118894000.0|32578000.0|86316000.0|0.0|77476000.0|9326000.0|9326000.0|594000.0|8732000.0|3683000.0|5049000.0|0.0|5049000.0|5049000.0|0.0|0.19|0.19|0.19|26488265.0|26638427.0|0.13|12857000.0|4239000.0|-9381000.0|-12775000.0|-13534000.0|-100000.0|-10084000.0|-3350000.0|0.0|-10058000.0|83098000.0|37252000.0|45846000.0|15658000.0|15658000.0|3170000.0|1241000.0|2985000.0|32386000.0|12667000.0|19719000.0|10500000.0|10500000.0|5674000.0|50881000.0|50881000.0|11239000.0|25000.0|1.92088836|2.94086998|0.63650479|1.005669|13565000.0|13565000.0|82000.0|0.00309571|64032000.0|81857000.0|3.09031188|24585000.0
2013-05-31|129176000.0|129176000.0|36160000.0|93016000.0|0.0|82906000.0|10188000.0|10188000.0|1044000.0|9144000.0|3698000.0|5446000.0|0.0|5446000.0|5446000.0|0.0|0.21|0.21|0.21|25556391.0|25561468.0|0.15|15935000.0|5650000.0|-14742000.0|-8626000.0|-5721000.0|-40000.0|-1770000.0|-3911000.0|0.0|-4528000.0|88082000.0|38544000.0|49538000.0|11130000.0|11130000.0|4350000.0|1107000.0|2090000.0|37294000.0|14701000.0|22593000.0|10460000.0|10460000.0|7474000.0|50917000.0|50917000.0|12610000.0|7000.0|1.99233922|2.62186246|0.73244692|1.00019866|15838000.0|15838000.0|7309000.0|0.285995|71604000.0|86975000.0|3.40325831|23843000.0
2014-05-31|127753000.0|127753000.0|36100000.0|91653000.0|0.0|85286000.0|6561000.0|6561000.0|770000.0|5791000.0|2306000.0|3485000.0|0.0|3485000.0|3485000.0|0.0|0.14|0.14|0.14|25093096.0|25094361.0|0.18|-4090000.0|6356000.0|1727000.0|-4229000.0|-4613000.0|-157000.0|-64000.0|-4392000.0|0.0|-6976000.0|88457000.0|40280000.0|48177000.0|4154000.0|4154000.0|16823000.0|1000000.0|1056000.0|37262000.0|14566000.0|22696000.0|12303000.0|12303000.0|4545000.0|51341000.0|51341000.0|11573000.0|-3000.0|2.04602095|2.76534395|0.72577472|1.00005041|12917000.0|12917000.0|-8319000.0|-0.33152545|81040000.0|87457000.0|3.4853013|25714000.0
2015-05-31|117891000.0|117891000.0|34548000.0|83343000.0|0.0|73301000.0|12040000.0|12040000.0|891000.0|11149000.0|4433000.0|6716000.0|0.0|6716000.0|6716000.0|0.0|0.27|0.27|0.27|25160729.0|25165732.0|0.18|8848000.0|6127000.0|15069000.0|2317000.0|-4771000.0|-206000.0|-32000.0|-4533000.0|0.0|19146000.0|86544000.0|47441000.0|39103000.0|23300000.0|23300000.0|15553000.0|804000.0|697000.0|34018000.0|12835000.0|21183000.0|12097000.0|12097000.0|4385000.0|52634000.0|52634000.0|13751000.0|-1000.0|2.09191077|3.69622127|0.64631227|1.00019884|18167000.0|18167000.0|11165000.0|0.44374708|61702000.0|85740000.0|3.40769141|34606000.0
2016-05-31|96113000.0|96113000.0|30760000.0|65353000.0|0.0|72211000.0|-7372000.0|-7372000.0|870000.0|-8242000.0|-2894000.0|-5348000.0|0.0|-5348000.0|-5348000.0|0.0|-0.22|-0.22|-0.22|24651521.0|24651521.0|0.18|7306000.0|5596000.0|-1187000.0|-884000.0|-7706000.0|-244000.0|-3022000.0|-4440000.0|0.0|-1587000.0|68526000.0|34074000.0|34452000.0|21713000.0|21713000.0|3386000.0|817000.0|933000.0|28161000.0|11908000.0|16253000.0|11852000.0|11852000.0|4003000.0|40429000.0|40429000.0|4012000.0|-2000.0|1.64002051|2.86143769|0.69655445|1.0|-1776000.0|-1776000.0|6422000.0|0.26051131|45940000.0|67709000.0|2.74664594|22166000.0
