Date|REVENUE|REVENUEUSD|COR|GP|RND|SGNA|EBIT|EBITUSD|INTEXP|EBT|TAXEXP|NETINC|PREFDIVIS|NETINCCMN|NETINCCMNUSD|NETINCDIS|EPS|EPSUSD|EPSDIL|SHARESWA|SHARESWADIL|DPS|NCFO|DEPAMOR|NCFI|CAPEX|NCFF|NCFDEBT|NCFCOMMON|NCFDIV|NCFX|NCF|ASSETS|ASSETSC|ASSETSNC|CASHNEQ|CASHNEQUSD|RECEIVABLES|INTANGIBLES|INVENTORY|LIABILITIES|LIABILITIESC|LIABILITIESNC|DEBT|DEBTUSD|PAYABLES|EQUITY|EQUITYUSD|RETEARN|ACCOCI|BVPS|CURRENTRATIO|DE|DILUTIONRATIO|EBITDA|EBITDAUSD|FCF|FCFPS|INVCAP|TANGIBLES|TBVPS|WORKINGCAPITAL
2009-07-31|137378000.0|137378000.0|107116000.0|30262000.0|71165000.0|51447000.0|-130492000.0|-130492000.0|6077000.0|-136569000.0|763000.0|-137332000.0|0.0|-137332000.0|-137332000.0|0.0|-3.38|-3.38|-3.38|40646000.0|40646000.0|0.0|-58368000.0|34259000.0|136178000.0|-8944000.0|-42654000.0|-42618000.0|131000.0|0.0|280000.0|35436000.0|275169000.0|168094000.0|107075000.0|86488000.0|86488000.0|24952000.0|65963000.0|35339000.0|169765000.0|120871000.0|48894000.0|85730000.0|85730000.0|18551000.0|105404000.0|105404000.0|-596073000.0|117000.0|2.5932195|1.39068925|1.6106125|1.0|-96233000.0|-96233000.0|-67312000.0|-1.65605472|87577000.0|209206000.0|5.14702554|47223000.0
2010-07-31|219082000.0|219082000.0|96700000.0|122382000.0|48943000.0|44956000.0|21236000.0|21236000.0|2745000.0|18491000.0|343000.0|18148000.0|0.0|18148000.0|18148000.0|0.0|0.4|0.4|0.39|45198000.0|46036000.0|0.0|38745000.0|24736000.0|-12175000.0|-3653000.0|-37841000.0|-84709000.0|48158000.0|0.0|-239000.0|-11510000.0|248211000.0|165856000.0|82355000.0|74978000.0|74978000.0|46796000.0|55307000.0|21039000.0|71459000.0|54872000.0|16587000.0|826000.0|826000.0|16639000.0|176752000.0|176752000.0|-577925000.0|36000.0|3.91061551|3.02259805|0.40428963|1.01854064|45972000.0|45972000.0|35092000.0|0.77640604|63880000.0|192904000.0|4.26797646|110984000.0
2011-07-31|249530000.0|249530000.0|95290000.0|154240000.0|52697000.0|48968000.0|60072000.0|60072000.0|309000.0|59763000.0|-315000.0|60078000.0|0.0|60078000.0|60078000.0|0.0|1.22|1.22|1.19|49398000.0|50415000.0|0.0|77108000.0|17655000.0|-28421000.0|-6769000.0|-1029000.0|-876000.0|679000.0|0.0|562000.0|48220000.0|302115000.0|231182000.0|70933000.0|123198000.0|123198000.0|43054000.0|49347000.0|21145000.0|61395000.0|45498000.0|15897000.0|0.0|0.0|15232000.0|240720000.0|240720000.0|-517847000.0|41000.0|4.87307178|5.08114642|0.25504736|1.02058788|77727000.0|77727000.0|70339000.0|1.42392405|84072000.0|252768000.0|5.1169683|185684000.0
2012-07-31|132134000.0|132134000.0|63637000.0|68497000.0|49864000.0|36348000.0|-20628000.0|-20628000.0|179000.0|-20807000.0|-938000.0|-19869000.0|0.0|-19869000.0|-19869000.0|0.0|-0.4|-0.4|-0.4|49080000.0|49080000.0|0.0|-9508000.0|10917000.0|-73707000.0|-3328000.0|-9869000.0|0.0|-8745000.0|0.0|-668000.0|-93752000.0|267068000.0|201386000.0|65682000.0|29446000.0|29446000.0|31922000.0|46183000.0|28850000.0|51364000.0|37817000.0|13547000.0|0.0|0.0|12734000.0|215704000.0|215704000.0|-537716000.0|230000.0|4.39494703|5.32527699|0.23812261|1.0|-9711000.0|-9711000.0|-12836000.0|-0.26153219|153622000.0|220885000.0|4.50050937|163569000.0
2013-07-31|151982000.0|151982000.0|71223000.0|80759000.0|52314000.0|39253000.0|-12169000.0|-12169000.0|233000.0|-12402000.0|-275000.0|-12127000.0|0.0|-12127000.0|-12127000.0|0.0|-0.25|-0.25|-0.25|47719000.0|47719000.0|0.0|1528000.0|8044000.0|6684000.0|-2769000.0|-9550000.0|0.0|-8404000.0|0.0|127000.0|-1211000.0|247601000.0|185095000.0|62506000.0|28235000.0|28235000.0|29065000.0|44601000.0|29139000.0|49104000.0|37702000.0|11402000.0|0.0|0.0|13266000.0|198497000.0|198497000.0|-549843000.0|-64000.0|4.15970578|4.90942125|0.24737905|1.0|-4125000.0|-4125000.0|-1241000.0|-0.02600641|137063000.0|203000000.0|4.25407071|147393000.0
2014-07-31|305106000.0|305106000.0|165248000.0|139858000.0|60733000.0|77017000.0|3810000.0|3810000.0|2210000.0|1600000.0|767000.0|833000.0|0.0|833000.0|833000.0|0.0|0.02|0.02|0.02|48214000.0|49150000.0|0.0|1040000.0|8786000.0|-22141000.0|-7743000.0|52077000.0|51966000.0|870000.0|0.0|58000.0|31034000.0|364143000.0|275276000.0|88867000.0|59269000.0|59269000.0|88219000.0|54135000.0|67684000.0|159524000.0|83167000.0|76357000.0|68748000.0|68748000.0|29617000.0|204619000.0|204619000.0|-549010000.0|-304000.0|4.24397478|3.3099186|0.7796148|1.01941345|12596000.0|12596000.0|-6703000.0|-0.13902601|236320000.0|310008000.0|6.42983366|192109000.0
2015-07-31|397978000.0|397978000.0|218064000.0|179914000.0|64157000.0|82124000.0|31809000.0|31809000.0|995000.0|30814000.0|2588000.0|28226000.0|0.0|28226000.0|28226000.0|3292000.0|0.53|0.53|0.52|53658000.0|54531000.0|0.0|42342000.0|8989000.0|-28581000.0|-4389000.0|10489000.0|-40706000.0|53130000.0|0.0|-5661000.0|18589000.0|387475000.0|299530000.0|87945000.0|77858000.0|77858000.0|81639000.0|54490000.0|60593000.0|109007000.0|74193000.0|34814000.0|26447000.0|26447000.0|27492000.0|278468000.0|278468000.0|-520784000.0|-13424000.0|5.18968281|4.03717332|0.39145252|1.01626971|40798000.0|40798000.0|37953000.0|0.70731298|207381000.0|332985000.0|6.2056916|225337000.0
2016-07-31|324206000.0|324206000.0|184280000.0|139926000.0|60929000.0|76742000.0|10593000.0|10593000.0|1079000.0|9514000.0|-1660000.0|11174000.0|0.0|11174000.0|11174000.0|-8715000.0|0.21|0.21|0.21|53783000.0|53974000.0|0.0|-227000.0|6953000.0|22080000.0|-2932000.0|-14965000.0|-2513000.0|-11011000.0|0.0|-1681000.0|5207000.0|378083000.0|297218000.0|80865000.0|83065000.0|83065000.0|76817000.0|53279000.0|69986000.0|96245000.0|66530000.0|29715000.0|24019000.0|24019000.0|25924000.0|281838000.0|281838000.0|-509610000.0|-15546000.0|5.24028039|4.46742823|0.3414905|1.00355131|17546000.0|17546000.0|-3159000.0|-0.05873603|199228000.0|324804000.0|6.03915735|230688000.0
