Date|REVENUE|REVENUEUSD|COR|GP|RND|SGNA|EBIT|EBITUSD|INTEXP|EBT|TAXEXP|NETINC|PREFDIVIS|NETINCCMN|NETINCCMNUSD|NETINCDIS|EPS|EPSUSD|EPSDIL|SHARESWA|SHARESWADIL|DPS|NCFO|DEPAMOR|NCFI|CAPEX|NCFF|NCFDEBT|NCFCOMMON|NCFDIV|NCFX|NCF|ASSETS|ASSETSC|ASSETSNC|CASHNEQ|CASHNEQUSD|RECEIVABLES|INTANGIBLES|INVENTORY|LIABILITIES|LIABILITIESC|LIABILITIESNC|DEBT|DEBTUSD|PAYABLES|EQUITY|EQUITYUSD|RETEARN|ACCOCI|BVPS|CURRENTRATIO|DE|DILUTIONRATIO|EBITDA|EBITDAUSD|FCF|FCFPS|INVCAP|TANGIBLES|TBVPS|WORKINGCAPITAL
2009-06-30|162961000.0|162961000.0|52370000.0|110591000.0|0.0|79577000.0|5373000.0|5373000.0|3765000.0|1608000.0|696000.0|912000.0|0.0|912000.0|912000.0|-301000.0|0.11|0.11|0.11|7975000.0|8019000.0|0.0|4430000.0|6245000.0|-1049000.0|-1049000.0|-2733000.0|-2918000.0|185000.0|0.0|0.0|648000.0|107383000.0|37023000.0|70360000.0|2364000.0|2364000.0|21116000.0|22040000.0|4745000.0|64991000.0|25400000.0|39591000.0|38945000.0|38945000.0|9131000.0|42392000.0|42392000.0|26463000.0|-337000.0|5.31561129|1.45759843|1.53309587|1.00551724|11618000.0|11618000.0|3381000.0|0.42394984|96524000.0|85343000.0|10.70131661|11623000.0
2010-06-30|166322000.0|166322000.0|52013000.0|114309000.0|0.0|83813000.0|2995000.0|2995000.0|3471000.0|-476000.0|-578000.0|102000.0|0.0|102000.0|102000.0|-524000.0|0.01|0.01|0.01|8052000.0|8052000.0|0.0|3928000.0|6124000.0|871000.0|-2502000.0|-5459000.0|-5508000.0|49000.0|0.0|0.0|-660000.0|98490000.0|34634000.0|63856000.0|1704000.0|1704000.0|16036000.0|18826000.0|4206000.0|55798000.0|19106000.0|36692000.0|33437000.0|33437000.0|7605000.0|42692000.0|42692000.0|26565000.0|-301000.0|5.30203676|1.81272899|1.3069896|1.0|9119000.0|9119000.0|1426000.0|0.17709886|92291000.0|79664000.0|9.89369101|15528000.0
2011-06-30|120348000.0|120348000.0|46133000.0|74215000.0|0.0|70083000.0|-17742000.0|-17742000.0|7433000.0|-25175000.0|-9072000.0|-16103000.0|0.0|-16103000.0|-16103000.0|-173000.0|-1.99|-1.99|-1.99|8094000.0|8094000.0|0.0|4779000.0|5344000.0|-2640000.0|-2640000.0|3407000.0|3342000.0|65000.0|0.0|0.0|5546000.0|91830000.0|43365000.0|48465000.0|7250000.0|7250000.0|16302000.0|4869000.0|4371000.0|65762000.0|31332000.0|34430000.0|37052000.0|37052000.0|7509000.0|26068000.0|26068000.0|10462000.0|-278000.0|3.22065728|1.38404826|2.52270984|1.0|-12398000.0|-12398000.0|2139000.0|0.26426983|85431000.0|86961000.0|10.74388436|12033000.0
2012-06-30|113216000.0|113216000.0|42459000.0|70757000.0|0.0|67776000.0|4893000.0|4893000.0|4377000.0|516000.0|-565000.0|1081000.0|0.0|1081000.0|1081000.0|-2757000.0|0.12|0.12|0.12|9350000.0|9350000.0|0.0|3082000.0|4365000.0|-2014000.0|-2014000.0|-6261000.0|-8603000.0|2342000.0|0.0|0.0|-5193000.0|79172000.0|30618000.0|48554000.0|2057000.0|2057000.0|13228000.0|3781000.0|3884000.0|49881000.0|31814000.0|18067000.0|29021000.0|29021000.0|6934000.0|29291000.0|29291000.0|11543000.0|-497000.0|3.13272727|0.96240649|1.7029463|1.0|9258000.0|9258000.0|1068000.0|0.1142246|70541000.0|75391000.0|8.06320856|-1196000.0
2013-06-30|95119000.0|95119000.0|36388000.0|58731000.0|0.0|58043000.0|4500000.0|4500000.0|1533000.0|2967000.0|-1521000.0|4488000.0|0.0|4488000.0|4488000.0|-6356000.0|0.48|0.48|0.48|9445000.0|9445000.0|0.0|-2016000.0|4048000.0|13420000.0|-5020000.0|-10964000.0|-10751000.0|-213000.0|0.0|0.0|440000.0|68003000.0|28093000.0|39910000.0|2657000.0|2657000.0|12356000.0|3636000.0|3798000.0|34260000.0|22246000.0|12014000.0|18270000.0|18270000.0|6030000.0|33743000.0|33743000.0|16031000.0|-406000.0|3.57257808|1.26283377|1.0153217|1.0|8548000.0|8548000.0|-7036000.0|-0.74494442|57734000.0|64367000.0|6.81492853|5847000.0
2014-06-30|73769000.0|73769000.0|29634000.0|44135000.0|0.0|41913000.0|940000.0|940000.0|944000.0|-4000.0|541000.0|-545000.0|0.0|-545000.0|-545000.0|61000.0|-0.06|-0.06|-0.06|9443000.0|9456000.0|0.0|3892000.0|3662000.0|-1883000.0|-1723000.0|-919000.0|-919000.0|0.0|0.0|0.0|1090000.0|63847000.0|25775000.0|38072000.0|3587000.0|3587000.0|12636000.0|3440000.0|3757000.0|30529000.0|16506000.0|14023000.0|12509000.0|12509000.0|4530000.0|33318000.0|33318000.0|15486000.0|-334000.0|3.52832786|1.56155337|0.91629149|1.00137668|4602000.0|4602000.0|2169000.0|0.22969395|52823000.0|60407000.0|6.39701366|9269000.0
2015-06-30|73746000.0|73746000.0|29024000.0|44722000.0|0.0|40513000.0|1999000.0|1999000.0|861000.0|1138000.0|893000.0|245000.0|0.0|245000.0|245000.0|242000.0|0.03|0.03|0.03|9443000.0|9496000.0|0.0|2938000.0|2681000.0|4811000.0|-1279000.0|-5362000.0|-5362000.0|0.0|0.0|0.0|2387000.0|57128000.0|25092000.0|32036000.0|5974000.0|5974000.0|8805000.0|3298000.0|3148000.0|23568000.0|10764000.0|12804000.0|12045000.0|12045000.0|2688000.0|33560000.0|33560000.0|15731000.0|-374000.0|3.55395531|2.33110368|0.7022646|1.00561262|4680000.0|4680000.0|1659000.0|0.17568569|49137000.0|53830000.0|5.7005189|14328000.0
2016-06-30|63433000.0|63433000.0|26978000.0|36455000.0|0.0|38814000.0|-8682000.0|-8682000.0|843000.0|-9525000.0|4558000.0|-14083000.0|0.0|-14083000.0|-14083000.0|2169000.0|-1.49|-1.49|-1.49|9443000.0|9443000.0|0.0|-426000.0|2436000.0|-1430000.0|-1430000.0|-857000.0|-857000.0|0.0|0.0|0.0|-2713000.0|44105000.0|17892000.0|26213000.0|3261000.0|3261000.0|6166000.0|3156000.0|2612000.0|24616000.0|20051000.0|4565000.0|10452000.0|10452000.0|5274000.0|19489000.0|19489000.0|1648000.0|-420000.0|2.06385683|0.89232457|1.26307148|1.0|-6246000.0|-6246000.0|-1856000.0|-0.19654771|28089000.0|40949000.0|4.33643969|-2159000.0
