Date|REVENUE|REVENUEUSD|COR|GP|RND|SGNA|EBIT|EBITUSD|INTEXP|EBT|TAXEXP|NETINC|PREFDIVIS|NETINCCMN|NETINCCMNUSD|NETINCDIS|EPS|EPSUSD|EPSDIL|SHARESWA|SHARESWADIL|DPS|NCFO|DEPAMOR|NCFI|CAPEX|NCFF|NCFDEBT|NCFCOMMON|NCFDIV|NCFX|NCF|ASSETS|ASSETSC|ASSETSNC|CASHNEQ|CASHNEQUSD|RECEIVABLES|INTANGIBLES|INVENTORY|LIABILITIES|LIABILITIESC|LIABILITIESNC|DEBT|DEBTUSD|PAYABLES|EQUITY|EQUITYUSD|RETEARN|ACCOCI|BVPS|CURRENTRATIO|DE|DILUTIONRATIO|EBITDA|EBITDAUSD|FCF|FCFPS|INVCAP|TANGIBLES|TBVPS|WORKINGCAPITAL
2009-03-31|294346000.0|294346000.0|138909000.0|155437000.0|0.0|69264000.0|-169073000.0|-169073000.0|28579000.0|-197652000.0|-10876000.0|-186776000.0|0.0|-186776000.0|-186776000.0|0.0|-3.74|-3.74|-3.74|49935000.0|49935000.0|0.0|66679000.0|11219000.0|-4672000.0|-481000.0|-32904000.0|-32888000.0|0.0|0.0|0.0|29103000.0|801381000.0|103563000.0|697818000.0|35181000.0|35181000.0|36025000.0|683377000.0|25939000.0|506996000.0|34226000.0|472770000.0|378337000.0|378337000.0|21269000.0|294385000.0|294385000.0|-87522000.0|-1334000.0|5.89536397|3.02585754|1.7222209|1.0|-157854000.0|-157854000.0|66198000.0|1.32568339|426934000.0|118004000.0|2.3631521|69337000.0
2010-03-31|292602000.0|292602000.0|139158000.0|153444000.0|0.0|65118000.0|75715000.0|75715000.0|22936000.0|52779000.0|20664000.0|32115000.0|0.0|32115000.0|32115000.0|-45000.0|0.64|0.64|0.64|50013000.0|50085000.0|0.0|59427000.0|11450000.0|7320000.0|-673000.0|-60831000.0|-60831000.0|0.0|0.0|0.0|5916000.0|791412000.0|112150000.0|679262000.0|41097000.0|41097000.0|30621000.0|665848000.0|27676000.0|462353000.0|55652000.0|406701000.0|324144000.0|324144000.0|14332000.0|329059000.0|329059000.0|-55407000.0|0.0|6.57946934|2.01520161|1.40507629|1.00143963|87165000.0|87165000.0|58754000.0|1.17477456|352959000.0|125564000.0|2.51062724|56498000.0
2011-03-31|336510000.0|336510000.0|165632000.0|170878000.0|0.0|84857000.0|75887000.0|75887000.0|27318000.0|48569000.0|19349000.0|29220000.0|0.0|29220000.0|29220000.0|-41000.0|0.58|0.58|0.58|50081000.0|50338000.0|0.0|86670000.0|10108000.0|-275680000.0|-643000.0|161247000.0|161269000.0|331000.0|0.0|0.0|-27763000.0|1056918000.0|107582000.0|949336000.0|13334000.0|13334000.0|44393000.0|941257000.0|39751000.0|695086000.0|54208000.0|640878000.0|486945000.0|486945000.0|31928000.0|361832000.0|361832000.0|-26187000.0|0.0|7.2249356|1.98461482|1.92101859|1.00513169|85995000.0|85995000.0|86027000.0|1.71775723|535064000.0|115661000.0|2.30947864|53374000.0
2012-03-31|441085000.0|441085000.0|213701000.0|227384000.0|0.0|113827000.0|102495000.0|102495000.0|41338000.0|61157000.0|23945000.0|37212000.0|0.0|37212000.0|37212000.0|0.0|0.74|0.74|0.73|50270000.0|50748000.0|0.0|67452000.0|10734000.0|-662206000.0|-606000.0|600434000.0|599816000.0|889000.0|0.0|1000.0|5681000.0|1758276000.0|147035000.0|1611241000.0|19015000.0|19015000.0|60228000.0|1574224000.0|51113000.0|1355548000.0|63923000.0|1291625000.0|1123908000.0|1123908000.0|40615000.0|402728000.0|402728000.0|10742000.0|-13000.0|8.01129899|2.30018929|3.36591446|1.00950865|113229000.0|113229000.0|66846000.0|1.32973941|1225022000.0|184052000.0|3.66126915|83112000.0
2013-03-31|620118000.0|620118000.0|276381000.0|343737000.0|0.0|138618000.0|190454000.0|190454000.0|84420000.0|106034000.0|40529000.0|65505000.0|0.0|65505000.0|65505000.0|0.0|1.29|1.29|1.27|50633000.0|51440000.0|0.0|137605000.0|13235000.0|11221000.0|-10253000.0|-152117000.0|-158146000.0|6029000.0|0.0|-54000.0|-3345000.0|1739799000.0|164173000.0|1575626000.0|15670000.0|15670000.0|73053000.0|1540786000.0|60201000.0|1261856000.0|96668000.0|1165188000.0|970900000.0|970900000.0|65270000.0|477943000.0|477943000.0|76247000.0|-104000.0|9.43935773|1.69831795|2.64018094|1.01593822|203689000.0|203689000.0|127352000.0|2.5151976|1057575000.0|199013000.0|3.93049987|67505000.0
2014-03-31|597381000.0|597381000.0|261830000.0|335551000.0|0.0|133449000.0|170390000.0|170390000.0|68642000.0|101748000.0|29133000.0|72615000.0|0.0|72615000.0|72615000.0|0.0|1.41|1.41|1.39|51641000.0|52349000.0|0.0|111582000.0|13486000.0|-57976000.0|-2761000.0|-41153000.0|-40500000.0|5907000.0|0.0|208000.0|12661000.0|1795663000.0|177185000.0|1618478000.0|28331000.0|28331000.0|65050000.0|1585728000.0|65586000.0|1232303000.0|84358000.0|1147945000.0|934414000.0|934414000.0|57912000.0|563360000.0|563360000.0|149145000.0|739000.0|10.90916133|2.10039356|2.18741657|1.01371004|183876000.0|183876000.0|108821000.0|2.10725974|1031660000.0|209935000.0|4.06527759|92827000.0
2015-03-31|714623000.0|714623000.0|308400000.0|406223000.0|0.0|180924000.0|208784000.0|208784000.0|81326000.0|127458000.0|49198000.0|78260000.0|0.0|78260000.0|78260000.0|0.0|1.5|1.5|1.49|52170000.0|52670000.0|0.0|156255000.0|17740000.0|-805258000.0|3899000.0|643265000.0|656100000.0|4011000.0|0.0|-1275000.0|-7013000.0|2641967000.0|201707000.0|2440260000.0|21318000.0|21318000.0|87858000.0|2425351000.0|74000000.0|2014343000.0|99037000.0|1915306000.0|1561273000.0|1561273000.0|58089000.0|627624000.0|627624000.0|227405000.0|-23412000.0|12.03036228|2.03668326|3.20947414|1.00958405|226524000.0|226524000.0|160154000.0|3.06984857|1657534000.0|216616000.0|4.15211808|102670000.0
2016-03-31|806247000.0|806247000.0|339036000.0|467211000.0|0.0|183220000.0|242507000.0|242507000.0|85322000.0|157185000.0|57278000.0|99907000.0|0.0|99907000.0|99907000.0|0.0|1.89|1.89|1.88|52754000.0|53143000.0|0.0|174350000.0|23676000.0|-222971000.0|-3224000.0|54036000.0|58900000.0|7233000.0|0.0|497000.0|5912000.0|2948791000.0|249013000.0|2699778000.0|27230000.0|27230000.0|95247000.0|2682914000.0|91263000.0|2204455000.0|106684000.0|2097771000.0|1625309000.0|1625309000.0|46960000.0|744336000.0|744336000.0|327312000.0|-23525000.0|14.10956515|2.33411758|2.96163964|1.00737385|266183000.0|266183000.0|171126000.0|3.24384881|1757272000.0|265877000.0|5.0399401|142329000.0
