Date|REVENUE|REVENUEUSD|COR|GP|RND|SGNA|EBIT|EBITUSD|INTEXP|EBT|TAXEXP|NETINC|PREFDIVIS|NETINCCMN|NETINCCMNUSD|NETINCDIS|EPS|EPSUSD|EPSDIL|SHARESWA|SHARESWADIL|DPS|NCFO|DEPAMOR|NCFI|CAPEX|NCFF|NCFDEBT|NCFCOMMON|NCFDIV|NCFX|NCF|ASSETS|ASSETSC|ASSETSNC|CASHNEQ|CASHNEQUSD|RECEIVABLES|INTANGIBLES|INVENTORY|LIABILITIES|LIABILITIESC|LIABILITIESNC|DEBT|DEBTUSD|PAYABLES|EQUITY|EQUITYUSD|RETEARN|ACCOCI|BVPS|CURRENTRATIO|DE|DILUTIONRATIO|EBITDA|EBITDAUSD|FCF|FCFPS|INVCAP|TANGIBLES|TBVPS|WORKINGCAPITAL
2009-03-31|26105516.0|26105516.0|17843228.0|8262288.0|0.0|22633540.0|-20257439.0|-20257439.0|1579012.0|-21836451.0|-148152.0|-21688299.0|0.0|-21688299.0|-21688299.0|0.0|-0.68|-0.68|-0.68|31883995.0|31883995.0|0.0|-10863291.0|1307536.0|286001.0|-150011.0|13113994.0|36647.0|-1914264.0|0.0|-77312.0|2459392.0|36355258.0|23494143.0|12861115.0|4688180.0|4688180.0|6931562.0|11431988.0|8169667.0|10353581.0|7712480.0|2641101.0|419050.0|419050.0|5081597.0|26001677.0|26001677.0|-109234310.0|642907.0|0.81550875|3.0462501|0.39818897|1.0|-18949903.0|-18949903.0|-11013302.0|-0.34541788|12941660.0|24923270.0|0.78168592|15781663.0
2010-03-31|28475842.0|28475842.0|18140003.0|10335839.0|0.0|15200536.0|-3041953.0|-3041953.0|-22147.0|-3019806.0|-148152.0|-2871654.0|0.0|-2871654.0|-2871654.0|0.0|-0.03|-0.03|-0.03|104691880.0|104691880.0|0.0|-5918197.0|924946.0|3967333.0|-93383.0|-768575.0|-588575.0|-180000.0|0.0|-11197.0|-2730636.0|30889787.0|16881186.0|14008601.0|1975107.0|1975107.0|5396211.0|12663476.0|9243801.0|8131048.0|5586102.0|2544946.0|859469.0|859469.0|4502733.0|22671505.0|22671505.0|-112105964.0|-1768531.0|0.21655457|3.02199745|0.35864615|1.0|-2117007.0|-2117007.0|-6011580.0|-0.05742165|11524571.0|18226311.0|0.17409479|11295084.0
2011-03-31|31997276.0|31997276.0|20850820.0|11146456.0|0.0|15653883.0|-6050050.0|-6050050.0|405384.0|-6455434.0|-148152.0|-6307282.0|0.0|-6307282.0|-6307282.0|0.0|-0.06|-0.06|-0.06|107426871.0|107426871.0|0.0|-4209306.0|919751.0|-305844.0|-202341.0|4272129.0|5287729.0|-1015600.0|0.0|9252.0|-233769.0|31105646.0|17778192.0|13327454.0|1515379.0|1515379.0|5852855.0|12125345.0|9869080.0|14212280.0|6339036.0|7873244.0|6336659.0|6336659.0|5179310.0|16493393.0|16493393.0|-118413246.0|-1633502.0|0.15353135|2.80455766|0.86169535|1.0|-5130299.0|-5130299.0|-4411647.0|-0.04106651|17462545.0|18980301.0|0.17668113|11439156.0
2012-03-31|35494615.0|35494615.0|22969297.0|12525318.0|0.0|15488044.0|-4790696.0|-4790696.0|589781.0|-5380477.0|-148152.0|-5232325.0|714830.0|-5947155.0|-5947155.0|0.0|-0.06|-0.06|-0.06|107635565.0|107635565.0|0.0|-4405576.0|914361.0|-487345.0|-306799.0|4336036.0|2527183.0|0.0|0.0|-6125.0|-563010.0|31354777.0|18392463.0|12962314.0|952637.0|952637.0|6391072.0|11545346.0|10732698.0|13772155.0|6798028.0|6974127.0|4061411.0|4061411.0|6355410.0|16910449.0|16910449.0|-124076608.0|-1801656.0|0.15710838|2.70555858|0.81441687|1.0|-3876335.0|-3876335.0|-4712375.0|-0.04378084|16120177.0|19809431.0|0.18404169|11594435.0
2013-03-31|41442994.0|41442994.0|27123068.0|14319926.0|0.0|16085953.0|-4979798.0|-4979798.0|587308.0|-5567106.0|-118349.0|-5448757.0|744468.0|-6193225.0|-6193225.0|0.0|-0.06|-0.06|-0.06|108508652.0|108508652.0|0.0|-4986430.0|920305.0|-293963.0|-93869.0|5237356.0|5237356.0|0.0|0.0|-2002.0|-45039.0|33117095.0|22483703.0|10633392.0|890669.0|890669.0|7328584.0|9296199.0|13731962.0|20206862.0|8536131.0|11670731.0|9298308.0|9298308.0|7653481.0|11627568.0|11627568.0|-130270623.0|-1918094.0|0.10715798|2.6339454|1.73784079|1.0|-4059493.0|-4059493.0|-5080299.0|-0.0468193|23692404.0|23820896.0|0.21952992|13947572.0
2014-03-31|48140483.0|48140483.0|30536667.0|17603816.0|0.0|18063395.0|-8434942.0|-8434942.0|1062219.0|-9497161.0|-590414.0|-8906747.0|384599.0|-9291346.0|-9291346.0|0.0|-0.08|-0.08|-0.08|116511444.0|116511444.0|0.0|-5819673.0|860254.0|-207476.0|-234693.0|6493529.0|-1728081.0|8221610.0|0.0|2798.0|469178.0|36521510.0|26581241.0|9940269.0|1325066.0|1325066.0|8973434.0|8675114.0|14650029.0|16586319.0|7513398.0|9072921.0|7574822.0|7574822.0|6420005.0|17717491.0|17717491.0|-139561969.0|-1724916.0|0.15206653|3.53784546|0.93615507|1.0|-7574688.0|-7574688.0|-6054366.0|-0.0519637|26582754.0|27846396.0|0.23900138|19067843.0
2015-03-31|57457421.0|57457421.0|35884632.0|21572789.0|0.0|21743154.0|-1391696.0|-1391696.0|1129047.0|-2520743.0|1278999.0|-3799742.0|0.0|-3799742.0|-3799742.0|0.0|-0.02|-0.02|-0.02|155456341.0|155456341.0|0.0|-8852000.0|907540.0|-494780.0|-333742.0|9626952.0|5671685.0|3955267.0|0.0|2930.0|283102.0|44001940.0|34442390.0|9559550.0|1521074.0|1521074.0|10689740.0|8179453.0|21068241.0|22907277.0|8819101.0|14088176.0|12789165.0|12789165.0|7717500.0|18551134.0|18551134.0|-143361711.0|-2285925.0|0.1193334|3.90543095|1.23481815|1.0|-484156.0|-484156.0|-9185742.0|-0.05908889|38271477.0|35822487.0|0.23043439|25623289.0
2016-03-31|72220368.0|72220368.0|43666798.0|28553570.0|0.0|26608510.0|23019.0|23019.0|1088539.0|-1065520.0|1450848.0|-2516368.0|0.0|-2516368.0|-2516368.0|0.0|-0.02|-0.02|-0.02|159380223.0|159380223.0|0.0|-2854222.0|939513.0|-990604.0|-466462.0|4087500.0|1185407.0|3502093.0|0.0|-3745.0|238929.0|50103513.0|40689501.0|9414012.0|1775608.0|1775608.0|10413850.0|7544528.0|27233322.0|26350776.0|11342502.0|15008274.0|13804274.0|13804274.0|6990332.0|20399546.0|20399546.0|-145878079.0|-2193794.0|0.12799296|3.58734792|1.29173345|1.0|962532.0|962532.0|-3320684.0|-0.02083498|43245149.0|42558985.0|0.26702802|29346999.0
