Date|REVENUE|REVENUEUSD|COR|GP|RND|SGNA|EBIT|EBITUSD|INTEXP|EBT|TAXEXP|NETINC|PREFDIVIS|NETINCCMN|NETINCCMNUSD|NETINCDIS|EPS|EPSUSD|EPSDIL|SHARESWA|SHARESWADIL|DPS|NCFO|DEPAMOR|NCFI|CAPEX|NCFF|NCFDEBT|NCFCOMMON|NCFDIV|NCFX|NCF|ASSETS|ASSETSC|ASSETSNC|CASHNEQ|CASHNEQUSD|RECEIVABLES|INTANGIBLES|INVENTORY|LIABILITIES|LIABILITIESC|LIABILITIESNC|DEBT|DEBTUSD|PAYABLES|EQUITY|EQUITYUSD|RETEARN|ACCOCI|BVPS|CURRENTRATIO|DE|DILUTIONRATIO|EBITDA|EBITDAUSD|FCF|FCFPS|INVCAP|TANGIBLES|TBVPS|WORKINGCAPITAL
2009-09-30|6911000000.0|6911000000.0|1228000000.0|5683000000.0|0.0|1524000000.0|4116000000.0|4116000000.0|115000000.0|4001000000.0|1648000000.0|2353000000.0|0.0|2353000000.0|2353000000.0|0.0|0.78|0.78|0.78|3376000000.0|4016000000.0|0.1|558000000.0|226000000.0|1830000000.0|-306000000.0|-2751000000.0|-54000000.0|-2614000000.0|-318000000.0|1000000.0|-362000000.0|32281000000.0|9241000000.0|23040000000.0|4617000000.0|4617000000.0|1049000000.0|21091000000.0|0.0|9088000000.0|4442000000.0|4646000000.0|56000000.0|56000000.0|790000000.0|23189000000.0|23189000000.0|2219000000.0|-188000000.0|6.86877962|2.0803692|0.39190996|1.18957346|4342000000.0|4342000000.0|252000000.0|0.07464455|2187000000.0|11190000000.0|3.31457346|4799000000.0
2010-09-30|8065000000.0|8065000000.0|1222000000.0|6843000000.0|0.0|1609000000.0|4640000000.0|4640000000.0|0.0|4640000000.0|1674000000.0|2966000000.0|0.0|2966000000.0|2966000000.0|0.0|1.01|1.01|1.0|3356000000.0|3936000000.0|0.13|2691000000.0|265000000.0|-1904000000.0|-238000000.0|-1542000000.0|-24000000.0|-944000000.0|-368000000.0|5000000.0|-750000000.0|33408000000.0|8734000000.0|24674000000.0|3867000000.0|3867000000.0|878000000.0|22925000000.0|0.0|8394000000.0|3498000000.0|4896000000.0|44000000.0|44000000.0|543000000.0|25011000000.0|25011000000.0|4368000000.0|-151000000.0|7.45262217|2.49685535|0.33561233|1.17282479|4905000000.0|4905000000.0|2453000000.0|0.73092968|3162000000.0|10483000000.0|3.12365912|5236000000.0
2011-09-30|9188000000.0|9188000000.0|1459000000.0|7729000000.0|0.0|1621000000.0|5660000000.0|5660000000.0|0.0|5660000000.0|2010000000.0|3650000000.0|0.0|3650000000.0|3650000000.0|0.0|1.29|1.29|1.29|3296000000.0|3808000000.0|0.15|3872000000.0|288000000.0|-2299000000.0|-353000000.0|-3304000000.0|-54000000.0|-1925000000.0|-423000000.0|-9000000.0|-1740000000.0|34760000000.0|9190000000.0|25570000000.0|2127000000.0|2127000000.0|972000000.0|23104000000.0|0.0|8323000000.0|3451000000.0|4872000000.0|0.0|0.0|618000000.0|26437000000.0|26437000000.0|6706000000.0|-176000000.0|8.02093447|2.66299623|0.31482392|1.15533981|5948000000.0|5948000000.0|3519000000.0|1.06765777|6078000000.0|11656000000.0|3.53640777|5739000000.0
2012-09-30|10421000000.0|10421000000.0|1726000000.0|8695000000.0|0.0|1709000000.0|2209000000.0|2209000000.0|0.0|2209000000.0|65000000.0|2144000000.0|0.0|2144000000.0|2144000000.0|0.0|0.79|0.79|0.79|3240000000.0|3692000000.0|0.22|5009000000.0|333000000.0|-2414000000.0|-374000000.0|-2655000000.0|-6000000.0|-536000000.0|-595000000.0|7000000.0|-53000000.0|40013000000.0|11786000000.0|28227000000.0|2074000000.0|2074000000.0|1177000000.0|23101000000.0|0.0|12383000000.0|7954000000.0|4429000000.0|0.0|0.0|871000000.0|27630000000.0|27630000000.0|7809000000.0|-171000000.0|8.52777778|1.48177018|0.44817228|1.13950617|2542000000.0|2542000000.0|4635000000.0|1.43055556|6884000000.0|16912000000.0|5.21975309|3832000000.0
2013-09-30|11778000000.0|11778000000.0|1932000000.0|9846000000.0|0.0|1739000000.0|7257000000.0|7257000000.0|0.0|7257000000.0|2277000000.0|4980000000.0|0.0|4980000000.0|4980000000.0|0.0|1.9|1.9|1.9|2353000000.0|2869000000.0|0.33|3022000000.0|397000000.0|-1164000000.0|-471000000.0|-1746000000.0|-6000000.0|-5257000000.0|-864000000.0|0.0|112000000.0|35956000000.0|7822000000.0|28134000000.0|2186000000.0|2186000000.0|1560000000.0|23032000000.0|0.0|9086000000.0|4335000000.0|4751000000.0|0.0|0.0|1409000000.0|26870000000.0|26870000000.0|7974000000.0|21000000.0|11.41946451|1.80438293|0.33814663|1.21929452|7654000000.0|7654000000.0|2551000000.0|1.0841479|6403000000.0|12924000000.0|5.49256269|3487000000.0
2014-09-30|12702000000.0|12702000000.0|1875000000.0|10827000000.0|0.0|1735000000.0|7724000000.0|7724000000.0|0.0|7724000000.0|2286000000.0|5438000000.0|0.0|5438000000.0|5438000000.0|0.0|2.16|2.16|2.16|2264000000.0|2768000000.0|0.4|7205000000.0|435000000.0|-941000000.0|-553000000.0|-6478000000.0|0.0|-4027000000.0|-1006000000.0|-1000000.0|-215000000.0|38569000000.0|9562000000.0|29007000000.0|1971000000.0|1971000000.0|1608000000.0|23164000000.0|0.0|11156000000.0|6006000000.0|5150000000.0|0.0|0.0|1479000000.0|27413000000.0|27413000000.0|9131000000.0|-17000000.0|12.10821555|1.59207459|0.4069602|1.22261484|8159000000.0|8159000000.0|6652000000.0|2.93816254|7428000000.0|15405000000.0|6.80432862|3556000000.0
2015-09-30|13880000000.0|13880000000.0|2079000000.0|11801000000.0|0.0|1755000000.0|8995000000.0|8995000000.0|0.0|8995000000.0|2667000000.0|6328000000.0|0.0|6328000000.0|6328000000.0|0.0|2.58|2.58|2.58|2221000000.0|2702000000.0|0.48|6584000000.0|494000000.0|-1435000000.0|-404000000.0|-3603000000.0|0.0|-2828000000.0|-1177000000.0|1000000.0|1547000000.0|39367000000.0|10021000000.0|29346000000.0|3518000000.0|3518000000.0|1255000000.0|23186000000.0|0.0|9525000000.0|5355000000.0|4170000000.0|0.0|0.0|907000000.0|29842000000.0|29842000000.0|11843000000.0|-74000000.0|13.43628996|1.8713352|0.31918102|1.21656911|9489000000.0|9489000000.0|6180000000.0|2.78253039|7308000000.0|16181000000.0|7.285457|4666000000.0
2016-09-30|15082000000.0|15082000000.0|2226000000.0|12856000000.0|0.0|2054000000.0|8439000000.0|8439000000.0|427000000.0|8012000000.0|2021000000.0|5991000000.0|0.0|5991000000.0|5991000000.0|0.0|2.49|2.49|2.48|2170000000.0|2659000000.0|0.56|5574000000.0|502000000.0|-10916000000.0|-523000000.0|7477000000.0|15873000000.0|-6892000000.0|-1350000000.0|-34000000.0|2101000000.0|64035000000.0|14313000000.0|49722000000.0|5619000000.0|5619000000.0|2508000000.0|42300000000.0|0.0|31123000000.0|8046000000.0|23077000000.0|15882000000.0|15882000000.0|2287000000.0|32912000000.0|32912000000.0|10462000000.0|-458000000.0|15.16682028|1.77889635|0.94564293|1.22534562|8941000000.0|8941000000.0|5051000000.0|2.32764977|23952000000.0|21735000000.0|10.01612903|6267000000.0
