Date|REVENUE|REVENUEUSD|COR|GP|RND|SGNA|EBIT|EBITUSD|INTEXP|EBT|TAXEXP|NETINC|PREFDIVIS|NETINCCMN|NETINCCMNUSD|NETINCDIS|EPS|EPSUSD|EPSDIL|SHARESWA|SHARESWADIL|DPS|NCFO|DEPAMOR|NCFI|CAPEX|NCFF|NCFDEBT|NCFCOMMON|NCFDIV|NCFX|NCF|ASSETS|ASSETSC|ASSETSNC|CASHNEQ|CASHNEQUSD|RECEIVABLES|INTANGIBLES|INVENTORY|LIABILITIES|LIABILITIESC|LIABILITIESNC|DEBT|DEBTUSD|PAYABLES|EQUITY|EQUITYUSD|RETEARN|ACCOCI|BVPS|CURRENTRATIO|DE|DILUTIONRATIO|EBITDA|EBITDAUSD|FCF|FCFPS|INVCAP|TANGIBLES|TBVPS|WORKINGCAPITAL
2009-03-31|1390835000.0|1390835000.0|690158000.0|700677000.0|0.0|136228000.0|492208000.0|492208000.0|693000.0|491515000.0|84617000.0|406898000.0|0.0|406898000.0|406898000.0|0.0|7.92|7.92|7.89|51364237.0|51546857.0|1.0|523889000.0|126231000.0|-434055000.0|-473675000.0|-109246000.0|-10124000.0|-47046000.0|-51521000.0|0.0|-19412000.0|3073804000.0|634451000.0|2439353000.0|250793000.0|250793000.0|328566000.0|328754000.0|48727000.0|829126000.0|203350000.0|625776000.0|300000000.0|300000000.0|51530000.0|2244678000.0|2244678000.0|2194842000.0|0.0|43.70118454|3.11999508|0.36937414|1.00355539|618439000.0|618439000.0|50214000.0|0.97760627|2590907000.0|2745050000.0|53.44282638|431101000.0
2010-03-31|1168634000.0|1168634000.0|632646000.0|535988000.0|0.0|149932000.0|269413000.0|269413000.0|1679000.0|267734000.0|8258000.0|259476000.0|0.0|259476000.0|259476000.0|0.0|5.04|5.04|5.02|51447077.0|51689030.0|1.0|328261000.0|130184000.0|-298482000.0|-451973000.0|-57502000.0|-7712000.0|1872000.0|-51734000.0|0.0|-27723000.0|3293357000.0|585627000.0|2707730000.0|223070000.0|223070000.0|311617000.0|328754000.0|44237000.0|829327000.0|204712000.0|624615000.0|300000000.0|300000000.0|41673000.0|2464030000.0|2464030000.0|2402575000.0|-16931000.0|47.89446055|2.86073606|0.33657342|1.00470295|399597000.0|399597000.0|-123712000.0|-2.40464585|2836821000.0|2964603000.0|57.62432334|380915000.0
2011-03-31|1055388000.0|1055388000.0|643250000.0|412138000.0|0.0|145454000.0|158864000.0|158864000.0|10769000.0|148095000.0|42479000.0|105616000.0|0.0|105616000.0|105616000.0|0.0|2.06|2.06|2.05|51221800.0|51487083.0|1.0|264206000.0|140576000.0|-569943000.0|-615289000.0|328387000.0|389968000.0|-11293000.0|-51478000.0|0.0|22650000.0|3748116000.0|579147000.0|3168969000.0|245720000.0|245720000.0|272467000.0|328754000.0|50748000.0|1234172000.0|183589000.0|1050583000.0|700000000.0|700000000.0|45177000.0|2513944000.0|2513944000.0|2436736000.0|-18184000.0|49.07957159|3.15458442|0.49093059|1.0051791|299440000.0|299440000.0|-351083000.0|-6.85417147|3690053000.0|3419362000.0|66.75599061|395558000.0
2012-03-31|1067007000.0|1067007000.0|645252000.0|421755000.0|0.0|156570000.0|133344000.0|133344000.0|22308000.0|111036000.0|23625000.0|87411000.0|0.0|87411000.0|87411000.0|0.0|1.71|1.71|1.7|51165460.0|51429567.0|1.0|222421000.0|138356000.0|-315081000.0|-357110000.0|167650000.0|249705000.0|-29604000.0|-51261000.0|0.0|74990000.0|4061618000.0|694100000.0|3367518000.0|320710000.0|320710000.0|309468000.0|297822000.0|53850000.0|1535261000.0|238929000.0|1296332000.0|950000000.0|950000000.0|74115000.0|2526357000.0|2526357000.0|2437836000.0|-19330000.0|49.37621982|2.90504711|0.60769757|1.00516182|271700000.0|271700000.0|-134689000.0|-2.63242039|4154157000.0|3763796000.0|73.56126574|455171000.0
2013-03-31|1244165000.0|1244165000.0|721634000.0|522531000.0|0.0|175609000.0|224908000.0|224908000.0|29745000.0|195163000.0|44413000.0|150750000.0|0.0|150750000.0|150750000.0|0.0|3.04|3.04|3.03|49550391.0|49734040.0|1.0|213923000.0|147299000.0|-413487000.0|-440572000.0|-80577000.0|49949000.0|-81216000.0|-49588000.0|0.0|-280141000.0|4168055000.0|508090000.0|3659965000.0|40569000.0|40569000.0|393438000.0|297822000.0|62348000.0|1606299000.0|266629000.0|1339670000.0|1000000000.0|1000000000.0|95676000.0|2561756000.0|2561756000.0|2453973000.0|-17141000.0|51.70001585|1.90560667|0.62703044|1.00370631|372207000.0|372207000.0|-226649000.0|-4.57411123|4563035000.0|3870233000.0|78.10701231|241461000.0
2014-03-31|1435103000.0|1435103000.0|833545000.0|601558000.0|0.0|187976000.0|216862000.0|216862000.0|43814000.0|173048000.0|32793000.0|140255000.0|0.0|140255000.0|140255000.0|0.0|2.84|2.84|2.82|49392749.0|49680114.0|1.0|104617000.0|167480000.0|-403685000.0|-594695000.0|318858000.0|356961000.0|6863000.0|-49816000.0|0.0|19790000.0|4885829000.0|820209000.0|4065620000.0|60359000.0|60359000.0|681871000.0|283699000.0|57392000.0|2200458000.0|401681000.0|1798777000.0|1514870000.0|1514870000.0|160669000.0|2679384000.0|2679384000.0|2544255000.0|-12225000.0|54.24650489|2.04194124|0.82125518|1.00581796|384342000.0|384342000.0|-490078000.0|-9.92206366|5654960000.0|4602130000.0|93.17420255|418528000.0
2015-03-31|1495517000.0|1495517000.0|889195000.0|606322000.0|0.0|189819000.0|-16238000.0|-16238000.0|50029000.0|-66267000.0|-1077000.0|-65190000.0|0.0|-65190000.0|-65190000.0|0.0|-1.34|-1.34|-1.34|48658840.0|48658840.0|1.0|358713000.0|175204000.0|-231418000.0|-364194000.0|-109086000.0|40109000.0|-98976000.0|-48834000.0|0.0|18209000.0|4756162000.0|868815000.0|3887347000.0|78568000.0|78568000.0|723461000.0|0.0|49005000.0|2275447000.0|482234000.0|1793213000.0|1534476000.0|1534476000.0|239668000.0|2474488000.0|2474488000.0|2330223000.0|-20378000.0|50.85382224|1.80164609|0.91956275|1.0|158966000.0|158966000.0|-5481000.0|-0.1126414|5729836000.0|4756162000.0|97.74507571|386581000.0
2016-03-31|979062000.0|979062000.0|613606000.0|365456000.0|0.0|153811000.0|-85612000.0|-85612000.0|53752000.0|-139364000.0|20819000.0|-160183000.0|0.0|-160183000.0|-160183000.0|0.0|-3.41|-3.41|-3.41|46981102.0|46981102.0|0.75|253360000.0|182309000.0|-134996000.0|-194485000.0|481506000.0|518499000.0|0.0|-35388000.0|0.0|599870000.0|4983793000.0|1323314000.0|3660479000.0|678438000.0|678438000.0|566708000.0|0.0|33413000.0|2678239000.0|2452374000.0|225865000.0|2045516000.0|2045516000.0|237101000.0|2299520000.0|2299520000.0|2135075000.0|-6866000.0|48.94563776|0.5396053|1.16469481|1.0|96697000.0|96697000.0|58875000.0|1.25316345|3898497000.0|4983793000.0|106.08080245|-1129060000.0
