Date|REVENUE|REVENUEUSD|COR|GP|RND|SGNA|EBIT|EBITUSD|INTEXP|EBT|TAXEXP|NETINC|PREFDIVIS|NETINCCMN|NETINCCMNUSD|NETINCDIS|EPS|EPSUSD|EPSDIL|SHARESWA|SHARESWADIL|DPS|NCFO|DEPAMOR|NCFI|CAPEX|NCFF|NCFDEBT|NCFCOMMON|NCFDIV|NCFX|NCF|ASSETS|ASSETSC|ASSETSNC|CASHNEQ|CASHNEQUSD|RECEIVABLES|INTANGIBLES|INVENTORY|LIABILITIES|LIABILITIESC|LIABILITIESNC|DEBT|DEBTUSD|PAYABLES|EQUITY|EQUITYUSD|RETEARN|ACCOCI|BVPS|CURRENTRATIO|DE|DILUTIONRATIO|EBITDA|EBITDAUSD|FCF|FCFPS|INVCAP|TANGIBLES|TBVPS|WORKINGCAPITAL
2009-06-30|324158000.0|324158000.0|263083000.0|61075000.0|0.0|60792000.0|-1611000.0|-1611000.0|968000.0|-2579000.0|-1070000.0|-1509000.0|0.0|-1509000.0|-1509000.0|0.0|-0.23|-0.23|-0.23|6576000.0|6576000.0|0.36|17307000.0|3733000.0|413000.0|-527000.0|-18847000.0|-15954000.0|0.0|-2893000.0|0.0|-1127000.0|150971000.0|114713000.0|36258000.0|1714000.0|1714000.0|31282000.0|0.0|73844000.0|43973000.0|36297000.0|7676000.0|10000000.0|10000000.0|9745000.0|106998000.0|106998000.0|97816000.0|-1764000.0|16.2709854|3.16039893|0.4109703|1.0|2122000.0|2122000.0|16780000.0|2.55170316|122960000.0|150971000.0|22.95787713|78416000.0
2010-06-30|326466000.0|326466000.0|251685000.0|74781000.0|0.0|57252000.0|17890000.0|17890000.0|439000.0|17451000.0|6650000.0|10801000.0|0.0|10801000.0|10801000.0|0.0|1.63|1.63|1.61|6608000.0|6697000.0|0.2|19119000.0|2986000.0|-1579000.0|-1217000.0|-10976000.0|-10000000.0|344000.0|-1320000.0|0.0|6564000.0|157670000.0|121789000.0|35881000.0|8278000.0|8278000.0|35748000.0|0.0|72637000.0|40058000.0|30989000.0|9069000.0|0.0|0.0|10815000.0|117612000.0|117612000.0|107293000.0|-1752000.0|17.79842615|3.93007196|0.3405945|1.01346852|20876000.0|20876000.0|17902000.0|2.70914044|118403000.0|157670000.0|23.86047215|90800000.0
2011-06-30|339426000.0|339426000.0|262124000.0|77302000.0|0.0|60422000.0|16207000.0|16207000.0|0.0|16207000.0|5790000.0|10417000.0|0.0|10417000.0|10417000.0|0.0|1.56|1.56|1.5|6693000.0|6929000.0|0.3|13800000.0|2690000.0|-2674000.0|-2386000.0|-1515000.0|0.0|324000.0|-1839000.0|0.0|9611000.0|164677000.0|128353000.0|36324000.0|17889000.0|17889000.0|31451000.0|0.0|73680000.0|36104000.0|27670000.0|8434000.0|0.0|0.0|9899000.0|128573000.0|128573000.0|115699000.0|-535000.0|19.21007022|4.63870618|0.28080546|1.03526072|18897000.0|18897000.0|11414000.0|1.70536381|119118000.0|164677000.0|24.60436277|100683000.0
2012-06-30|352089000.0|352089000.0|266810000.0|85279000.0|0.0|65033000.0|20668000.0|20668000.0|0.0|20668000.0|7600000.0|13068000.0|0.0|13068000.0|13068000.0|0.0|1.93|1.93|1.86|6781000.0|7008000.0|0.45|8977000.0|2835000.0|-11277000.0|-10905000.0|-1619000.0|0.0|916000.0|-2535000.0|0.0|-3919000.0|181672000.0|135593000.0|46079000.0|13970000.0|13970000.0|33601000.0|0.0|82689000.0|42230000.0|31849000.0|10381000.0|0.0|0.0|12973000.0|139442000.0|139442000.0|125699000.0|-1639000.0|20.56363368|4.25737072|0.30284993|1.03347589|23503000.0|23503000.0|-1928000.0|-0.28432385|135853000.0|181672000.0|26.79132871|103744000.0
2013-06-30|386189000.0|386189000.0|295720000.0|90469000.0|0.0|70198000.0|20881000.0|20881000.0|0.0|20881000.0|7730000.0|13151000.0|0.0|13151000.0|13151000.0|0.0|1.87|1.87|1.8|7041000.0|7326000.0|0.6|5905000.0|3803000.0|-6017000.0|-6204000.0|-2924000.0|0.0|1107000.0|-4213000.0|0.0|-3036000.0|192539000.0|149201000.0|43338000.0|10934000.0|10934000.0|36075000.0|0.0|92417000.0|41302000.0|35502000.0|5800000.0|0.0|0.0|13927000.0|151237000.0|151237000.0|134606000.0|-1091000.0|21.47947735|4.2026083|0.27309455|1.0404772|24684000.0|24684000.0|-299000.0|-0.04246556|146103000.0|192539000.0|27.34540548|113699000.0
2014-06-30|438543000.0|438543000.0|338280000.0|100263000.0|0.0|71727000.0|23800000.0|23800000.0|0.0|23800000.0|8810000.0|14990000.0|0.0|14990000.0|14990000.0|0.0|2.07|2.07|2.0|7231000.0|7511000.0|0.6|16237000.0|4197000.0|-4417000.0|-4089000.0|-578000.0|0.0|2388000.0|-4323000.0|0.0|11242000.0|210213000.0|165410000.0|44803000.0|22176000.0|22176000.0|38536000.0|0.0|97940000.0|43478000.0|36766000.0|6712000.0|0.0|0.0|15818000.0|166735000.0|166735000.0|145234000.0|-1256000.0|23.05835984|4.49899364|0.26076109|1.03872217|27997000.0|27997000.0|12148000.0|1.67998894|151271000.0|210213000.0|29.07108284|128644000.0
2015-06-30|466904000.0|466904000.0|357044000.0|109860000.0|0.0|75688000.0|35689000.0|35689000.0|130000.0|35559000.0|13260000.0|22299000.0|0.0|22299000.0|22299000.0|0.0|3.0|3.0|2.89|7423000.0|7708000.0|0.72|3269000.0|4945000.0|-32559000.0|-37268000.0|8396000.0|11904000.0|790000.0|-5115000.0|0.0|-20894000.0|244619000.0|167002000.0|77617000.0|1282000.0|1282000.0|45101000.0|0.0|113842000.0|57872000.0|51320000.0|6552000.0|11904000.0|11904000.0|18329000.0|186747000.0|186747000.0|162176000.0|-1736000.0|25.15788765|3.25413094|0.30989521|1.03839418|40634000.0|40634000.0|-33999000.0|-4.58022363|203921000.0|244619000.0|32.95419642|115682000.0
2016-06-30|500106000.0|500106000.0|386407000.0|113699000.0|0.0|77911000.0|37996000.0|37996000.0|69000.0|37927000.0|13690000.0|24237000.0|0.0|24237000.0|24237000.0|0.0|3.19|3.19|3.12|7595000.0|7765000.0|0.72|54367000.0|7556000.0|-4692000.0|-7306000.0|-14177000.0|-11904000.0|1591000.0|-5455000.0|0.0|35498000.0|246896000.0|176443000.0|70453000.0|36780000.0|36780000.0|44618000.0|0.0|85904000.0|37246000.0|33357000.0|3889000.0|0.0|0.0|11023000.0|209650000.0|209650000.0|180919000.0|-2228000.0|27.60368664|5.28953443|0.177658|1.02238315|45552000.0|45552000.0|47061000.0|6.19631336|176759000.0|246896000.0|32.50770244|143086000.0
