Date|REVENUE|REVENUEUSD|COR|GP|RND|SGNA|EBIT|EBITUSD|INTEXP|EBT|TAXEXP|NETINC|PREFDIVIS|NETINCCMN|NETINCCMNUSD|NETINCDIS|EPS|EPSUSD|EPSDIL|SHARESWA|SHARESWADIL|DPS|NCFO|DEPAMOR|NCFI|CAPEX|NCFF|NCFDEBT|NCFCOMMON|NCFDIV|NCFX|NCF|ASSETS|ASSETSC|ASSETSNC|CASHNEQ|CASHNEQUSD|RECEIVABLES|INTANGIBLES|INVENTORY|LIABILITIES|LIABILITIESC|LIABILITIESNC|DEBT|DEBTUSD|PAYABLES|EQUITY|EQUITYUSD|RETEARN|ACCOCI|BVPS|CURRENTRATIO|DE|DILUTIONRATIO|EBITDA|EBITDAUSD|FCF|FCFPS|INVCAP|TANGIBLES|TBVPS|WORKINGCAPITAL
2009-06-30|61536000.0|61536000.0|40628000.0|20908000.0|8012000.0|16684000.0|-6269000.0|-6269000.0|-709000.0|-5560000.0|-2035000.0|-3525000.0|0.0|-3525000.0|-3525000.0|0.0|-0.4|-0.4|-0.4|8860000.0|8860000.0|0.0|3285000.0|1430000.0|-2018000.0|-777000.0|186000.0|0.0|186000.0|0.0|-956000.0|497000.0|65359000.0|48727000.0|16632000.0|22654000.0|22654000.0|9628000.0|0.0|10005000.0|9659000.0|8894000.0|765000.0|0.0|0.0|2461000.0|55700000.0|55700000.0|13979000.0|718000.0|6.28668172|5.47863728|0.17341113|1.0|-4839000.0|-4839000.0|2508000.0|0.28306998|33811000.0|65359000.0|7.3768623|39833000.0
2010-06-30|40199000.0|40199000.0|24073000.0|16126000.0|5221000.0|13023000.0|-2779000.0|-2779000.0|-228000.0|-2551000.0|-1746000.0|-805000.0|0.0|-805000.0|-805000.0|0.0|-0.09|-0.09|-0.09|8923000.0|8923000.0|0.0|-1980000.0|878000.0|-9486000.0|-449000.0|268000.0|0.0|268000.0|0.0|-1667000.0|-12865000.0|64653000.0|47522000.0|17131000.0|9789000.0|9789000.0|16739000.0|0.0|6551000.0|11177000.0|11177000.0|0.0|0.0|0.0|3741000.0|53476000.0|53476000.0|13174000.0|-1505000.0|5.99305166|4.25176702|0.20900965|1.0|-1901000.0|-1901000.0|-2429000.0|-0.27221786|43687000.0|64653000.0|7.24565729|36345000.0
2011-06-30|50847000.0|50847000.0|28225000.0|22622000.0|5768000.0|13468000.0|3046000.0|3046000.0|-233000.0|3279000.0|1453000.0|1826000.0|0.0|1826000.0|1826000.0|0.0|0.21|0.21|0.2|8879000.0|9050000.0|0.0|6203000.0|694000.0|-1810000.0|-813000.0|-2873000.0|0.0|-2873000.0|0.0|796000.0|2316000.0|69991000.0|54860000.0|15131000.0|12105000.0|12105000.0|16165000.0|0.0|5685000.0|14511000.0|14511000.0|0.0|0.0|0.0|1202000.0|55480000.0|55480000.0|15000000.0|1106000.0|6.2484514|3.78058025|0.26155371|1.01925893|3740000.0|3740000.0|5390000.0|0.60705034|43375000.0|69991000.0|7.88275707|40349000.0
2012-06-30|57379000.0|57379000.0|33209000.0|24170000.0|5591000.0|12983000.0|1970000.0|1970000.0|-245000.0|2215000.0|2548000.0|-333000.0|0.0|-333000.0|-333000.0|3160000.0|-0.04|-0.04|-0.04|8433000.0|8433000.0|0.0|2910000.0|597000.0|-231000.0|-594000.0|-1144000.0|0.0|-1144000.0|0.0|-656000.0|879000.0|66809000.0|50473000.0|16336000.0|12984000.0|12984000.0|15982000.0|0.0|5396000.0|14550000.0|14550000.0|0.0|0.0|0.0|1519000.0|52259000.0|52259000.0|14667000.0|-893000.0|6.19696431|3.46893471|0.27842094|1.0|2567000.0|2567000.0|2316000.0|0.27463536|39275000.0|66809000.0|7.92232895|35923000.0
2013-06-30|60886000.0|60886000.0|32766000.0|28120000.0|6781000.0|14473000.0|7438000.0|7438000.0|-173000.0|7611000.0|1401000.0|6210000.0|0.0|6210000.0|6210000.0|-80000.0|0.73|0.73|0.72|8512000.0|8588000.0|0.4|3313000.0|660000.0|-275000.0|-731000.0|-2574000.0|0.0|842000.0|-3416000.0|-84000.0|380000.0|73639000.0|58038000.0|15601000.0|13364000.0|13364000.0|21760000.0|0.0|6783000.0|16744000.0|16744000.0|0.0|0.0|0.0|2561000.0|56895000.0|56895000.0|17461000.0|-94000.0|6.68409305|3.46619685|0.29429651|1.00892857|8098000.0|8098000.0|2582000.0|0.30333647|43531000.0|73639000.0|8.65119831|41294000.0
2014-06-30|59612000.0|59612000.0|34763000.0|24849000.0|6691000.0|15216000.0|2814000.0|2814000.0|-188000.0|3002000.0|575000.0|2427000.0|0.0|2427000.0|2427000.0|0.0|0.27|0.27|0.26|8983000.0|9210000.0|0.15|5061000.0|726000.0|2235000.0|-678000.0|2276000.0|0.0|3648000.0|-1372000.0|134000.0|9706000.0|80066000.0|63740000.0|16326000.0|23070000.0|23070000.0|19461000.0|0.0|7049000.0|17286000.0|17286000.0|0.0|0.0|0.0|2081000.0|62780000.0|62780000.0|18516000.0|573000.0|6.98875654|3.68737707|0.27534247|1.02526995|3540000.0|3540000.0|4383000.0|0.48792163|39710000.0|80066000.0|8.913058|46454000.0
2015-06-30|74405000.0|74405000.0|46134000.0|28271000.0|7911000.0|20397000.0|-973000.0|-973000.0|-138000.0|-835000.0|-374000.0|-461000.0|0.0|-461000.0|-461000.0|0.0|-0.05|-0.05|-0.05|9252000.0|9252000.0|0.0|-4926000.0|1098000.0|-1021000.0|-1789000.0|-3504000.0|-4414000.0|910000.0|0.0|-2117000.0|-11568000.0|94938000.0|61419000.0|33519000.0|11502000.0|11502000.0|30086000.0|14184000.0|11898000.0|34146000.0|28441000.0|5705000.0|0.0|0.0|7723000.0|60792000.0|60792000.0|18055000.0|-2371000.0|6.57068742|2.15952322|0.56168575|1.0|125000.0|125000.0|-6715000.0|-0.72578902|40811000.0|80754000.0|8.72827497|32978000.0
2016-06-30|69135000.0|69135000.0|47996000.0|21139000.0|7381000.0|20316000.0|-9069000.0|-9069000.0|148000.0|-9217000.0|12896000.0|-22113000.0|0.0|-22113000.0|-22113000.0|0.0|-2.36|-2.36|-2.36|9360000.0|9360000.0|0.0|-5448000.0|2137000.0|665000.0|-1641000.0|-8000.0|-83000.0|75000.0|0.0|76000.0|-4715000.0|67922000.0|46709000.0|21213000.0|6787000.0|6787000.0|24075000.0|12517000.0|12172000.0|29368000.0|25383000.0|3985000.0|200000.0|200000.0|8801000.0|38554000.0|38554000.0|-4058000.0|-3220000.0|4.11901709|1.84016862|0.76173678|1.0|-6932000.0|-6932000.0|-7089000.0|-0.75737179|23435000.0|55405000.0|5.91933761|21326000.0
