Date|REVENUE|REVENUEUSD|COR|GP|RND|SGNA|EBIT|EBITUSD|INTEXP|EBT|TAXEXP|NETINC|PREFDIVIS|NETINCCMN|NETINCCMNUSD|NETINCDIS|EPS|EPSUSD|EPSDIL|SHARESWA|SHARESWADIL|DPS|NCFO|DEPAMOR|NCFI|CAPEX|NCFF|NCFDEBT|NCFCOMMON|NCFDIV|NCFX|NCF|ASSETS|ASSETSC|ASSETSNC|CASHNEQ|CASHNEQUSD|RECEIVABLES|INTANGIBLES|INVENTORY|LIABILITIES|LIABILITIESC|LIABILITIESNC|DEBT|DEBTUSD|PAYABLES|EQUITY|EQUITYUSD|RETEARN|ACCOCI|BVPS|CURRENTRATIO|DE|DILUTIONRATIO|EBITDA|EBITDAUSD|FCF|FCFPS|INVCAP|TANGIBLES|TBVPS|WORKINGCAPITAL
2009-08-31|6409376000.0|6409376000.0|5712347000.0|697029000.0|0.0|612563000.0|111439000.0|111439000.0|76964000.0|34475000.0|13673000.0|20802000.0|0.0|20802000.0|20802000.0|-19065000.0|0.19|0.19|0.18|112530648.0||0.48|806536000.0|154679000.0|-367980000.0|-367074000.0|-246451000.0|-178008000.0|-15230000.0|-54139000.0|-5528000.0|186577000.0|3687556000.0|1997552000.0|1690004000.0|405603000.0|405603000.0|731282000.0|74236000.0|678541000.0|2155492000.0|815338000.0|1340154000.0|1216301000.0|1216301000.0|453565000.0|1529693000.0|1529693000.0|1438205000.0|34257000.0|13.59356786|2.44996799|1.40910104||266118000.0|266118000.0|439462000.0|3.90526499|3608680000.0|3613320000.0|32.10965247|1182214000.0
2010-08-31|6276928000.0|6276928000.0|5851373000.0|425555000.0|0.0|508997000.0|-190423000.0|-190423000.0|74181000.0|-264604000.0|-59260000.0|-205344000.0|0.0|-205344000.0|-205344000.0|105661000.0|-1.81|-1.81|-1.81|114305664.0||0.48|44910000.0|168934000.0|-133612000.0|-104234000.0|84617000.0|124558000.0|10494000.0|-54489000.0|-2205000.0|-6290000.0|3706153000.0|2175206000.0|1530947000.0|399313000.0|399313000.0|824339000.0|71580000.0|674680000.0|2452779000.0|1102959000.0|1349820000.0|1244323000.0|1244323000.0|731021000.0|1250736000.0|1250736000.0|1178372000.0|-12526000.0|10.94202996|1.9721549|1.96106852||-21489000.0|-21489000.0|-59324000.0|-0.5189944|3376624000.0|3634573000.0|31.79696327|1072247000.0
2011-08-31|7666773000.0|7666773000.0|7037446000.0|629327000.0|0.0|508916000.0|-43463000.0|-43463000.0|69814000.0|-113277000.0|16340000.0|-129617000.0|0.0|-129617000.0|-129617000.0|140943000.0|-1.13|-1.13|-1.12|115533540.0||0.48|27747000.0|159576000.0|-61528000.0|-19821000.0|-147014000.0|-99780000.0|9615000.0|-55177000.0|3872000.0|-176923000.0|3683131000.0|2326253000.0|1356878000.0|222390000.0|222390000.0|956852000.0|77638000.0|908338000.0|2522483000.0|1198854000.0|1323629000.0|1232605000.0|1232605000.0|755972000.0|1160425000.0|1160425000.0|993578000.0|59473000.0|10.04405301|1.94039725|2.17375789||116113000.0|116113000.0|7926000.0|0.06860345|3416854000.0|3605493000.0|31.20732733|1127399000.0
2012-08-31|7656375000.0|7656375000.0|6939748000.0|716627000.0|0.0|481746000.0|222362000.0|222362000.0|69487000.0|152875000.0|-54609000.0|207484000.0|0.0|207484000.0|207484000.0|3059000.0|1.79|1.79|1.78|116219021.0||0.48|195993000.0|137310000.0|-27440000.0|-58493000.0|-121739000.0|-120687000.0|-81000.0|-55617000.0|-6782000.0|40032000.0|3441246000.0|2239831000.0|1201415000.0|262422000.0|262422000.0|958364000.0|76897000.0|807923000.0|2194739000.0|901134000.0|1293605000.0|1185868000.0|1185868000.0|529002000.0|1246368000.0|1246368000.0|1145445000.0|-18136000.0|10.72430304|2.48556929|1.76090769||359672000.0|359672000.0|137500000.0|1.18311098|3386661000.0|3364349000.0|28.94835089|1338697000.0
2013-08-31|6601070000.0|6601070000.0|5951870000.0|649200000.0|0.0|439571000.0|205043000.0|205043000.0|68439000.0|136604000.0|59289000.0|77315000.0|0.0|77315000.0|77315000.0|27404000.0|0.66|0.66|0.66|116982920.0||0.48|147732000.0|136548000.0|-46136000.0|-75131000.0|15030000.0|90158000.0|951000.0|-56028000.0|-278000.0|116348000.0|3494801000.0|2366195000.0|1128606000.0|378770000.0|378770000.0|989694000.0|69579000.0|757417000.0|2224646000.0|781109000.0|1443537000.0|1290015000.0|1290015000.0|454959000.0|1269999000.0|1269999000.0|1166732000.0|-27176000.0|10.85627714|3.02927632|1.75169114||341591000.0|341591000.0|72601000.0|0.62061197|3555358000.0|3425222000.0|29.27967604|1585086000.0
2014-08-31|6790438000.0|6790438000.0|6096196000.0|694242000.0|0.0|448943000.0|239343000.0|239343000.0|77037000.0|162306000.0|49063000.0|113243000.0|0.0|113243000.0|113243000.0|4362000.0|0.96|0.96|0.95|117826175.0||0.48|136940000.0|136004000.0|-47261000.0|-84177000.0|-34397000.0|10391000.0|-1488000.0|-56428000.0|873000.0|56155000.0|3688520000.0|2553791000.0|1134729000.0|434925000.0|434925000.0|1028425000.0|74319000.0|935411000.0|2339929000.0|891153000.0|1448776000.0|1301335000.0|1301335000.0|548860000.0|1348480000.0|1348480000.0|1225855000.0|-19509000.0|11.44465565|2.86571554|1.73523449||375347000.0|375347000.0|52763000.0|0.44780372|3589458000.0|3614201000.0|30.67400771|1662638000.0
2015-08-31|5988605000.0|5988605000.0|5311756000.0|676849000.0|0.0|443275000.0|203611000.0|203611000.0|77760000.0|125851000.0|46408000.0|79443000.0|0.0|79443000.0|79443000.0|19688000.0|0.68|0.68|0.67|115602102.0||0.48|313461000.0|132779000.0|-76824000.0|-104655000.0|-180691000.0|-84015000.0|-43298000.0|-55945000.0|-5548000.0|50398000.0|3439951000.0|2380387000.0|1059564000.0|485323000.0|485323000.0|900619000.0|66383000.0|880484000.0|2058577000.0|628610000.0|1429967000.0|1302445000.0|1302445000.0|302457000.0|1381225000.0|1381225000.0|1373568000.0|-113535000.0|11.94809589|3.78674695|1.49039946||336390000.0|336390000.0|208806000.0|1.80624743|3562080000.0|3373568000.0|29.18258355|1751777000.0
2016-08-31|4610526000.0|4610526000.0|3974513000.0|636013000.0|0.0|437084000.0|129472000.0|129472000.0|62231000.0|67241000.0|12479000.0|54762000.0|0.0|54762000.0|54762000.0|17781000.0|0.48|0.48|0.47|114628588.0||0.48|586865000.0|126940000.0|-175647000.0|-158219000.0|-377717000.0|-272952000.0|-36629000.0|-55342000.0|-1280000.0|32221000.0|3130869000.0|2048125000.0|1082744000.0|517544000.0|517544000.0|765784000.0|66373000.0|652754000.0|1763438000.0|821118000.0|942320000.0|1071417000.0|1071417000.0|243537000.0|1367272000.0|1367272000.0|1372988000.0|-112914000.0|11.92784474|2.49431263|1.28974922||256412000.0|256412000.0|428646000.0|3.73943366|2797251000.0|3064496000.0|26.73413372|1227007000.0
