Date|REVENUE|REVENUEUSD|COR|GP|RND|SGNA|EBIT|EBITUSD|INTEXP|EBT|TAXEXP|NETINC|PREFDIVIS|NETINCCMN|NETINCCMNUSD|NETINCDIS|EPS|EPSUSD|EPSDIL|SHARESWA|SHARESWADIL|DPS|NCFO|DEPAMOR|NCFI|CAPEX|NCFF|NCFDEBT|NCFCOMMON|NCFDIV|NCFX|NCF|ASSETS|ASSETSC|ASSETSNC|CASHNEQ|CASHNEQUSD|RECEIVABLES|INTANGIBLES|INVENTORY|LIABILITIES|LIABILITIESC|LIABILITIESNC|DEBT|DEBTUSD|PAYABLES|EQUITY|EQUITYUSD|RETEARN|ACCOCI|BVPS|CURRENTRATIO|DE|DILUTIONRATIO|EBITDA|EBITDAUSD|FCF|FCFPS|INVCAP|TANGIBLES|TBVPS|WORKINGCAPITAL
2009-03-31|1992266000.0|1992266000.0|1269884000.0|722382000.0|0.0|171303000.0|121048000.0|121048000.0|98470000.0|22578000.0|9168000.0|13410000.0|12963000.0|447000.0|447000.0|0.0|0.02|0.02|0.02|19350041.0|19350041.0|0.0|274426000.0|248569000.0|-221192000.0|-268502000.0|-17832000.0|31973000.0|-976000.0|0.0|-1437000.0|33965000.0|3825073000.0|||240587000.0|240587000.0|216784000.0|0.0|70749000.0|3107444000.0|||1546490000.0|1546490000.0|329227000.0|717629000.0|717629000.0|915862000.0|-98000000.0|37.08669144||4.33015388|1.0|369617000.0|369617000.0|5924000.0|0.30614922|5130976000.0|3825073000.0|197.67777236|
2010-03-31|2002005000.0|2002005000.0|1247215000.0|754790000.0|0.0|169104000.0|193537000.0|193537000.0|93347000.0|100190000.0|34567000.0|65623000.0|12468000.0|53155000.0|53155000.0|0.0|2.74|2.74|2.74|19386791.0|19386791.0|0.0|402521000.0|229589000.0|-117978000.0|-116622000.0|-283656000.0|-235104000.0|0.0|0.0|2644000.0|3531000.0|3762454000.0|||244118000.0|244118000.0|198283000.0|0.0|52837000.0|2949543000.0|||1347635000.0|1347635000.0|296057000.0|812911000.0|812911000.0|969017000.0|-56207000.0|41.93117881||3.62837137|1.0|423126000.0|423126000.0|285899000.0|14.74710281|4865971000.0|3762454000.0|194.07306759|
2011-03-31|2251359000.0|2251359000.0|1333114000.0|918245000.0|0.0|190981000.0|377695000.0|377695000.0|88381000.0|289314000.0|105739000.0|183575000.0|12590000.0|170985000.0|170985000.0|0.0|8.8|8.8|8.8|19432781.0|19432781.0|0.0|572863000.0|212324000.0|-373970000.0|-300007000.0|-60768000.0|20643000.0|0.0|0.0|271000.0|138396000.0|4191433000.0|||375496000.0|375496000.0|220650000.0|0.0|59942000.0|3198413000.0|||1397842000.0|1397842000.0|304006000.0|993020000.0|993020000.0|1140002000.0|-46467000.0|51.10025168||3.22089485|1.0|590019000.0|590019000.0|272856000.0|14.04101657|5213779000.0|4191433000.0|215.68878896|
2012-03-31|2512027000.0|2512027000.0|1529923000.0|982104000.0|0.0|212190000.0|416007000.0|416007000.0|90371000.0|325636000.0|120269000.0|205367000.0|8821000.0|196546000.0|196546000.0|0.0|10.09|10.09|10.09|19476187.0|19476187.0|1.0|669842000.0|229789000.0|-582137000.0|-420887000.0|-112745000.0|26544000.0|0.0|-19484000.0|-294000.0|-25334000.0|4654051000.0|||357180000.0|357180000.0|297974000.0|0.0|58735000.0|3618231000.0|||1486211000.0|1486211000.0|335326000.0|1035820000.0|1035820000.0|1317064000.0|-45436000.0|53.18392147||3.49310788|1.0|645796000.0|645796000.0|248955000.0|12.78253284|5783082000.0|4654051000.0|238.96109644|
2013-03-31|2558587000.0|2558587000.0|1481826000.0|1076761000.0|0.0|204758000.0|499183000.0|499183000.0|90696000.0|408487000.0|143779000.0|264708000.0|0.0|264708000.0|264708000.0|0.0|13.56|13.56|13.56|19518779.0|19518779.0|5.0|661530000.0|260492000.0|-712213000.0|-435285000.0|157783000.0|-16511000.0|0.0|-97421000.0|-536000.0|106564000.0|5306601000.0|||463744000.0|463744000.0|261789000.0|0.0|56396000.0|4077342000.0|||1661845000.0|1661845000.0|358491000.0|1229259000.0|1229259000.0|1482630000.0|-22680000.0|62.97827338||3.31691043|1.0|759675000.0|759675000.0|226245000.0|11.59114512|6504702000.0|5306601000.0|271.87156533|
2014-03-31|2835252000.0|2835252000.0|1597646000.0|1237606000.0|0.0|227332000.0|630214000.0|630214000.0|92692000.0|537522000.0|195131000.0|342391000.0|0.0|342391000.0|342391000.0|0.0|17.51|17.51|17.51|19558758.0|19558758.0|1.0|733966000.0|293169000.0|-846631000.0|-730190000.0|144210000.0|80939000.0|0.0|-19568000.0|-177000.0|31368000.0|5998978000.0|||495112000.0|495112000.0|199322000.0|0.0|67020000.0|4471610000.0|||1942359000.0|1942359000.0|357954000.0|1527368000.0|1527368000.0|1805453000.0|-53923000.0|78.09125712||2.92765725|1.0|923383000.0|923383000.0|3776000.0|0.19305929|7446225000.0|5998978000.0|306.71569227|
2015-03-31|3074531000.0|3074531000.0|1784241000.0|1290290000.0|0.0|249642000.0|658943000.0|658943000.0|97525000.0|561418000.0|204677000.0|356741000.0|0.0|356741000.0|356741000.0|0.0|18.21|18.21|18.21|19586633.0|19586633.0|1.0|759099000.0|352796000.0|-755261000.0|-630302000.0|-46338000.0|-69716000.0|0.0|-19594000.0|-10762000.0|-53262000.0|6872175000.0|||441850000.0|441850000.0|189869000.0|0.0|69472000.0|4987816000.0|||2190869000.0|2190869000.0|496370000.0|1884359000.0|1884359000.0|2142600000.0|-34365000.0|96.20637707||2.64695634|1.0|1011739000.0|1011739000.0|128797000.0|6.57576011|8621194000.0|6872175000.0|350.86045672|
2016-03-31|3275656000.0|3275656000.0|1782473000.0|1493183000.0|0.0|262627000.0|866814000.0|866814000.0|97903000.0|768911000.0|279910000.0|489001000.0|0.0|489001000.0|489001000.0|0.0|24.95|24.95|24.95|19596110.0|19596110.0|4.0|1041063000.0|389393000.0|-1273399000.0|-969898000.0|406872000.0|248724000.0|-9302000.0|-78374000.0|-15740000.0|158796000.0|8127363000.0|||600646000.0|600646000.0|175210000.0|0.0|79756000.0|5875957000.0|||2665396000.0|2665396000.0|502613000.0|2251406000.0|2251406000.0|2533641000.0|-60525000.0|114.8904553||2.60990554|1.0|1256207000.0|1256207000.0|71165000.0|3.63158811|10192113000.0|8127363000.0|414.74369148|
