Date|REVENUE|REVENUEUSD|COR|GP|RND|SGNA|EBIT|EBITUSD|INTEXP|EBT|TAXEXP|NETINC|PREFDIVIS|NETINCCMN|NETINCCMNUSD|NETINCDIS|EPS|EPSUSD|EPSDIL|SHARESWA|SHARESWADIL|DPS|NCFO|DEPAMOR|NCFI|CAPEX|NCFF|NCFDEBT|NCFCOMMON|NCFDIV|NCFX|NCF|ASSETS|ASSETSC|ASSETSNC|CASHNEQ|CASHNEQUSD|RECEIVABLES|INTANGIBLES|INVENTORY|LIABILITIES|LIABILITIESC|LIABILITIESNC|DEBT|DEBTUSD|PAYABLES|EQUITY|EQUITYUSD|RETEARN|ACCOCI|BVPS|CURRENTRATIO|DE|DILUTIONRATIO|EBITDA|EBITDAUSD|FCF|FCFPS|INVCAP|TANGIBLES|TBVPS|WORKINGCAPITAL
2009-06-30|6519000.0|6519000.0|0.0|6519000.0|0.0|3639000.0|1911000.0|1911000.0|0.0|1911000.0|1183000.0|728000.0|0.0|728000.0|728000.0|0.0|0.1|0.1|0.1|7867134.0||0.4|1406000.0|308000.0|-5220000.0|-294000.0|-7935000.0|-7196000.0|-1679000.0|-1169000.0|0.0|-11749000.0|240901000.0|||4317000.0|4317000.0|0.0|14856000.0|0.0|182363000.0|||40446000.0|40446000.0|189000.0|58538000.0|58538000.0|32074000.0|91000.0|7.44082915||3.11529263||2219000.0|2219000.0|1112000.0|0.14134754|262174000.0|226045000.0|28.73282697|
2010-06-30|5643000.0|5643000.0|0.0|5643000.0|0.0|3868000.0|604000.0|604000.0|0.0|604000.0|203000.0|401000.0|0.0|401000.0|401000.0|0.0|0.05|0.05|0.05|7840534.0||0.4|1188000.0|303000.0|7190000.0|-59000.0|-4233000.0|-7750000.0|-573000.0|-1136000.0|0.0|4145000.0|236939000.0|||8462000.0|8462000.0|0.0|14725000.0|0.0|179131000.0|||32344000.0|32344000.0|145000.0|57808000.0|57808000.0|31216000.0|4000.0|7.3729672||3.09872336||907000.0|907000.0|1129000.0|0.14399529|246096000.0|222214000.0|28.34169203|
2011-06-30|7142000.0|7142000.0|0.0|7142000.0|0.0|3998000.0|1860000.0|1860000.0|0.0|1860000.0|104000.0|1756000.0|0.0|1756000.0|1756000.0|0.0|0.23|0.23|0.23|7740703.0||0.4|3506000.0|316000.0|6044000.0|-121000.0|-12863000.0|-6504000.0|-218000.0|-1112000.0|0.0|-3313000.0|226135000.0|||5149000.0|5149000.0|0.0|14594000.0|0.0|167438000.0|||25732000.0|25732000.0|91000.0|58697000.0|58697000.0|31860000.0|3000.0|7.582903||2.8525819||2176000.0|2176000.0|3385000.0|0.43729878|232124000.0|211541000.0|27.3283964|
2012-06-30|7978000.0|7978000.0|0.0|7978000.0|0.0|4283000.0|2555000.0|2555000.0|0.0|2555000.0|840000.0|1715000.0|0.0|1715000.0|1715000.0|0.0|0.23|0.23|0.23|7735703.0||0.4|1443000.0|276000.0|4538000.0|-163000.0|-5295000.0|1832000.0|-135000.0|-1604000.0|0.0|686000.0|222949000.0|||5835000.0|5835000.0|0.0|14507000.0|0.0|164096000.0|||27552000.0|27552000.0|64000.0|58853000.0|58853000.0|31971000.0|3000.0|7.60797047||2.78823509||2831000.0|2831000.0|1280000.0|0.16546654|230159000.0|208442000.0|26.94545021|
2013-06-30|11135000.0|11135000.0|0.0|11135000.0|0.0|5424000.0|4224000.0|4224000.0|0.0|4224000.0|1308000.0|2916000.0|0.0|2916000.0|2916000.0|0.0|0.37|0.37|0.37|8529192.0||0.3|3770000.0|231000.0|15857000.0|-76000.0|-8822000.0|-9765000.0|6928000.0|-1283000.0|0.0|10805000.0|324062000.0|||16540000.0|16540000.0|0.0|14507000.0|0.0|257440000.0|||24872000.0|24872000.0|36000.0|66622000.0|66622000.0|33604000.0|23000.0|7.81105643||3.86418901||4455000.0|4455000.0|3694000.0|0.43310081|317887000.0|309555000.0|36.2935903|
2014-06-30|11296000.0|11296000.0|0.0|11296000.0|0.0|6660000.0|2886000.0|2886000.0|0.0|2886000.0|952000.0|1934000.0|0.0|1934000.0|1934000.0|0.0|0.23|0.23|0.23|8524192.0||0.4|2487000.0|288000.0|18462000.0|-309000.0|-25978000.0|-7000000.0|-42000.0|-1511000.0|0.0|-5029000.0|299655000.0|||11511000.0|11511000.0|0.0|14507000.0|0.0|232450000.0|||17816000.0|17816000.0|32000.0|67205000.0|67205000.0|34027000.0|70000.0|7.88403171||3.45882003||3174000.0|3174000.0|2178000.0|0.25550809|291453000.0|285148000.0|33.45161629|
2015-06-30|11132000.0|11132000.0|0.0|11132000.0|0.0|6244000.0|3090000.0|3090000.0|0.0|3090000.0|1021000.0|2069000.0|0.0|2069000.0|2069000.0|0.0|0.25|0.25|0.25|8439515.0||0.4|3096000.0|278000.0|4822000.0|-884000.0|-5794000.0|9518000.0|-698000.0|-1385000.0|0.0|2124000.0|296298000.0|||13635000.0|13635000.0|0.0|14507000.0|0.0|228985000.0|||27334000.0|27334000.0|32000.0|67313000.0|67313000.0|34711000.0|38000.0|7.97593227||3.4017946||3368000.0|3368000.0|2212000.0|0.26210037|295490000.0|281791000.0|33.38947795|
2016-06-30|10646000.0|10646000.0|0.0|10646000.0|0.0|6806000.0|2097000.0|2097000.0|0.0|2097000.0|596000.0|1501000.0|0.0|1501000.0|1501000.0|0.0|0.18|0.18|0.18|8439515.0||0.4|1446000.0|321000.0|3934000.0|-1108000.0|-5907000.0|6618000.0|0.0|-1480000.0|0.0|-527000.0|291871000.0|||13108000.0|13108000.0|0.0|14507000.0|0.0|224356000.0|||33952000.0|33952000.0|22000.0|67515000.0|67515000.0|34732000.0|31000.0|7.99986729||3.32305414||2418000.0|2418000.0|338000.0|0.04004969|298208000.0|277364000.0|32.86492174|
