Date|REVENUE|REVENUEUSD|COR|GP|RND|SGNA|EBIT|EBITUSD|INTEXP|EBT|TAXEXP|NETINC|PREFDIVIS|NETINCCMN|NETINCCMNUSD|NETINCDIS|EPS|EPSUSD|EPSDIL|SHARESWA|SHARESWADIL|DPS|NCFO|DEPAMOR|NCFI|CAPEX|NCFF|NCFDEBT|NCFCOMMON|NCFDIV|NCFX|NCF|ASSETS|ASSETSC|ASSETSNC|CASHNEQ|CASHNEQUSD|RECEIVABLES|INTANGIBLES|INVENTORY|LIABILITIES|LIABILITIESC|LIABILITIESNC|DEBT|DEBTUSD|PAYABLES|EQUITY|EQUITYUSD|RETEARN|ACCOCI|BVPS|CURRENTRATIO|DE|DILUTIONRATIO|EBITDA|EBITDAUSD|FCF|FCFPS|INVCAP|TANGIBLES|TBVPS|WORKINGCAPITAL
2009-03-31|4212000000.0|4212000000.0|2127000000.0|2085000000.0|1359000000.0|1023000000.0|-855000000.0|-855000000.0|0.0|-855000000.0|233000000.0|-1088000000.0|0.0|-1088000000.0|-1088000000.0|0.0|-3.4|-3.4|-3.4|320000000.0|320000000.0|0.0|12000000.0|198000000.0|23000000.0|-115000000.0|91000000.0|0.0|89000000.0|0.0|-58000000.0|68000000.0|4678000000.0|3120000000.0|1558000000.0|1621000000.0|1621000000.0|116000000.0|1028000000.0|217000000.0|1544000000.0|1136000000.0|408000000.0|0.0|0.0|152000000.0|3134000000.0|3134000000.0|800000000.0|189000000.0|9.79375|2.74647887|0.49266114|1.0|-657000000.0|-657000000.0|-103000000.0|-0.321875|893000000.0|3650000000.0|11.40625|1984000000.0
2010-03-31|3654000000.0|3654000000.0|1866000000.0|1788000000.0|1229000000.0|1050000000.0|-706000000.0|-706000000.0|0.0|-706000000.0|-29000000.0|-677000000.0|0.0|-677000000.0|-677000000.0|0.0|-2.08|-2.08|-2.08|325000000.0|325000000.0|0.0|152000000.0|192000000.0|-572000000.0|-305000000.0|53000000.0|0.0|39000000.0|0.0|19000000.0|-348000000.0|4646000000.0|2585000000.0|2061000000.0|1273000000.0|1273000000.0|206000000.0|1297000000.0|100000000.0|1917000000.0|1574000000.0|343000000.0|0.0|0.0|91000000.0|2729000000.0|2729000000.0|123000000.0|228000000.0|8.39692308|1.64231258|0.70245511|1.0|-514000000.0|-514000000.0|-153000000.0|-0.47076923|502000000.0|3349000000.0|10.30461538|1011000000.0
2011-03-31|3589000000.0|3589000000.0|1499000000.0|2090000000.0|1124000000.0|1077000000.0|-279000000.0|-279000000.0|0.0|-279000000.0|-3000000.0|-276000000.0|0.0|-276000000.0|-276000000.0|0.0|-0.84|-0.84|-0.84|330000000.0|330000000.0|0.0|320000000.0|180000000.0|-15000000.0|-59000000.0|-23000000.0|0.0|-24000000.0|0.0|24000000.0|306000000.0|4928000000.0|3032000000.0|1896000000.0|1579000000.0|1579000000.0|335000000.0|1254000000.0|77000000.0|2364000000.0|2001000000.0|363000000.0|0.0|0.0|228000000.0|2564000000.0|2564000000.0|-153000000.0|219000000.0|7.76969697|1.51524238|0.92199688|1.0|-99000000.0|-99000000.0|261000000.0|0.79090909|94000000.0|3674000000.0|11.13333333|1031000000.0
2012-03-31|4143000000.0|4143000000.0|1598000000.0|2545000000.0|1180000000.0|1260000000.0|18000000.0|18000000.0|0.0|18000000.0|-58000000.0|76000000.0|0.0|76000000.0|76000000.0|0.0|0.23|0.23|0.23|331000000.0|336000000.0|0.0|277000000.0|216000000.0|-689000000.0|-146000000.0|140000000.0|510000000.0|-349000000.0|0.0|-14000000.0|-286000000.0|5491000000.0|2609000000.0|2882000000.0|1293000000.0|1293000000.0|366000000.0|2087000000.0|59000000.0|3033000000.0|2120000000.0|913000000.0|539000000.0|539000000.0|215000000.0|2458000000.0|2458000000.0|-77000000.0|173000000.0|7.42598187|1.23066038|1.23393002|1.01510574|234000000.0|234000000.0|131000000.0|0.39577039|530000000.0|3404000000.0|10.28398792|489000000.0
2013-03-31|3797000000.0|3797000000.0|1388000000.0|2409000000.0|1153000000.0|1142000000.0|139000000.0|139000000.0|0.0|139000000.0|41000000.0|98000000.0|0.0|98000000.0|98000000.0|0.0|0.32|0.32|0.31|310000000.0|313000000.0|0.0|324000000.0|264000000.0|32000000.0|-106000000.0|-345000000.0|-2000000.0|-315000000.0|0.0|-12000000.0|-1000000.0|5070000000.0|2325000000.0|2745000000.0|1292000000.0|1292000000.0|312000000.0|1974000000.0|42000000.0|2803000000.0|1917000000.0|886000000.0|559000000.0|559000000.0|136000000.0|2267000000.0|2267000000.0|21000000.0|69000000.0|7.31290323|1.21283255|1.23643582|1.00967742|403000000.0|403000000.0|218000000.0|0.70322581|446000000.0|3096000000.0|9.98709677|408000000.0
2014-03-31|3575000000.0|3575000000.0|1347000000.0|2228000000.0|1125000000.0|1090000000.0|7000000.0|7000000.0|0.0|7000000.0|-1000000.0|8000000.0|0.0|8000000.0|8000000.0|0.0|0.03|0.03|0.03|308000000.0|316000000.0|0.0|712000000.0|227000000.0|-301000000.0|-97000000.0|89000000.0|0.0|77000000.0|0.0|-10000000.0|490000000.0|5716000000.0|3138000000.0|2578000000.0|1782000000.0|1782000000.0|327000000.0|1900000000.0|56000000.0|3294000000.0|2390000000.0|904000000.0|580000000.0|580000000.0|119000000.0|2422000000.0|2422000000.0|29000000.0|37000000.0|7.86363636|1.31297071|1.36003303|1.02597403|234000000.0|234000000.0|615000000.0|1.99675325|224000000.0|3816000000.0|12.38961039|748000000.0
2015-03-31|4515000000.0|4515000000.0|1429000000.0|3086000000.0|1094000000.0|1033000000.0|925000000.0|925000000.0|0.0|925000000.0|50000000.0|875000000.0|0.0|875000000.0|875000000.0|0.0|2.81|2.81|2.69|311000000.0|325000000.0|0.0|1067000000.0|220000000.0|-470000000.0|-95000000.0|-255000000.0|0.0|-277000000.0|0.0|-56000000.0|286000000.0|6147000000.0|3720000000.0|2427000000.0|2068000000.0|2068000000.0|362000000.0|1824000000.0|36000000.0|3080000000.0|2747000000.0|333000000.0|633000000.0|633000000.0|68000000.0|3036000000.0|3036000000.0|904000000.0|2000000.0|9.76205788|1.35420459|1.01449275|1.04501608|1145000000.0|1145000000.0|972000000.0|3.12540193|141000000.0|4323000000.0|13.90032154|973000000.0
2016-03-31|4396000000.0|4396000000.0|1354000000.0|3042000000.0|1109000000.0|1028000000.0|877000000.0|877000000.0|0.0|877000000.0|-279000000.0|1156000000.0|0.0|1156000000.0|1156000000.0|0.0|3.73|3.73|3.5|310000000.0|330000000.0|0.0|1223000000.0|197000000.0|-484000000.0|-93000000.0|-306000000.0|519000000.0|-911000000.0|0.0|-8000000.0|425000000.0|7050000000.0|4354000000.0|2696000000.0|2493000000.0|2493000000.0|233000000.0|1767000000.0|33000000.0|3652000000.0|2418000000.0|1234000000.0|1152000000.0|1152000000.0|89000000.0|3396000000.0|3396000000.0|2060000000.0|-16000000.0|10.95483871|1.8006617|1.0753828|1.06451613|1074000000.0|1074000000.0|1130000000.0|3.64516129|1524000000.0|5283000000.0|17.04193548|1936000000.0
