Date|REVENUE|REVENUEUSD|COR|GP|RND|SGNA|EBIT|EBITUSD|INTEXP|EBT|TAXEXP|NETINC|PREFDIVIS|NETINCCMN|NETINCCMNUSD|NETINCDIS|EPS|EPSUSD|EPSDIL|SHARESWA|SHARESWADIL|DPS|NCFO|DEPAMOR|NCFI|CAPEX|NCFF|NCFDEBT|NCFCOMMON|NCFDIV|NCFX|NCF|ASSETS|ASSETSC|ASSETSNC|CASHNEQ|CASHNEQUSD|RECEIVABLES|INTANGIBLES|INVENTORY|LIABILITIES|LIABILITIESC|LIABILITIESNC|DEBT|DEBTUSD|PAYABLES|EQUITY|EQUITYUSD|RETEARN|ACCOCI|BVPS|CURRENTRATIO|DE|DILUTIONRATIO|EBITDA|EBITDAUSD|FCF|FCFPS|INVCAP|TANGIBLES|TBVPS|WORKINGCAPITAL
2009-03-31|4138000000.0|4138000000.0|547000000.0|3591000000.0|479000000.0|1641000000.0|1121000000.0|1121000000.0|62000000.0|1059000000.0|388000000.0|671000000.0|0.0|671000000.0|671000000.0|0.0|1.29|1.29|1.29|513000000.0|537000000.0|0.16|1212000000.0|259000000.0|-284000000.0|-212000000.0|-759000000.0|-679000000.0|3000000.0|-83000000.0|-252000000.0|-83000000.0|11241000000.0|4149000000.0|7092000000.0|2712000000.0|2712000000.0|967000000.0|6089000000.0|0.0|6879000000.0|4002000000.0|2877000000.0|1908000000.0|1908000000.0|120000000.0|4362000000.0|4362000000.0|2673000000.0|-183000000.0|8.50292398|1.03673163|1.57702889|1.04678363|1380000000.0|1380000000.0|1000000000.0|1.94931774|346000000.0|5152000000.0|10.04288499|147000000.0
2010-03-31|4227000000.0|4227000000.0|513000000.0|3714000000.0|487000000.0|1689000000.0|1240000000.0|1240000000.0|76000000.0|1164000000.0|393000000.0|771000000.0|0.0|771000000.0|771000000.0|0.0|1.48|1.48|1.47|515000000.0|533000000.0|0.16|1360000000.0|292000000.0|-888000000.0|-267000000.0|-705000000.0|-467000000.0|-216000000.0|-83000000.0|104000000.0|-129000000.0|11888000000.0|3990000000.0|7898000000.0|2583000000.0|2583000000.0|977000000.0|6820000000.0|0.0|6901000000.0|3581000000.0|3320000000.0|1545000000.0|1545000000.0|81000000.0|4987000000.0|4987000000.0|3361000000.0|-126000000.0|9.68349515|1.11421391|1.38379787|1.03495146|1532000000.0|1532000000.0|1093000000.0|2.1223301|449000000.0|5068000000.0|9.8407767|409000000.0
2011-03-31|4429000000.0|4429000000.0|581000000.0|3848000000.0|471000000.0|1737000000.0|1258000000.0|1258000000.0|45000000.0|1213000000.0|386000000.0|827000000.0|0.0|827000000.0|827000000.0|-4000000.0|1.61|1.61|1.61|506000000.0|507000000.0|0.16|1381000000.0|379000000.0|-684000000.0|-249000000.0|-320000000.0|-13000000.0|-225000000.0|-82000000.0|89000000.0|466000000.0|12411000000.0|4369000000.0|8042000000.0|3049000000.0|3049000000.0|849000000.0|6970000000.0|0.0|6791000000.0|3921000000.0|2870000000.0|1551000000.0|1551000000.0|100000000.0|5620000000.0|5620000000.0|4106000000.0|-65000000.0|11.10671937|1.11425657|1.20836299|1.00197628|1637000000.0|1637000000.0|1132000000.0|2.23715415|22000000.0|5441000000.0|10.75296443|448000000.0
2012-03-31|4779000000.0|4779000000.0|641000000.0|4138000000.0|509000000.0|1850000000.0|1393000000.0|1393000000.0|35000000.0|1358000000.0|407000000.0|951000000.0|0.0|951000000.0|951000000.0|-28000000.0|1.94|1.94|1.93|486000000.0|487000000.0|0.4|1478000000.0|399000000.0|-451000000.0|-252000000.0|-1330000000.0|-125000000.0|-1013000000.0|-192000000.0|-67000000.0|-370000000.0|11997000000.0|3965000000.0|8032000000.0|2679000000.0|2679000000.0|902000000.0|7245000000.0|0.0|6600000000.0|3751000000.0|2849000000.0|1301000000.0|1301000000.0|95000000.0|5397000000.0|5397000000.0|4865000000.0|-108000000.0|11.10493827|1.05705145|1.22290161|1.00205761|1792000000.0|1792000000.0|1226000000.0|2.52263374|-377000000.0|4752000000.0|9.77777778|214000000.0
2013-03-31|4504000000.0|4504000000.0|629000000.0|3875000000.0|483000000.0|1630000000.0|1338000000.0|1338000000.0|44000000.0|1294000000.0|339000000.0|955000000.0|0.0|955000000.0|955000000.0|-34000000.0|2.07|2.07|2.06|456000000.0|457000000.0|1.0|1408000000.0|463000000.0|-473000000.0|-206000000.0|-938000000.0|-9000000.0|-466000000.0|-463000000.0|-83000000.0|-86000000.0|11815000000.0|4126000000.0|7689000000.0|2593000000.0|2593000000.0|856000000.0|7106000000.0|0.0|6365000000.0|3541000000.0|2824000000.0|1290000000.0|1290000000.0|93000000.0|5450000000.0|5450000000.0|5357000000.0|-155000000.0|11.95175439|1.16520757|1.16788991|1.00219298|1801000000.0|1801000000.0|1202000000.0|2.63596491|-135000000.0|4709000000.0|10.32675439|585000000.0
2014-03-31|4412000000.0|4412000000.0|649000000.0|3763000000.0|574000000.0|1499000000.0|1097000000.0|1097000000.0|54000000.0|1043000000.0|129000000.0|914000000.0|0.0|914000000.0|914000000.0|-27000000.0|2.03|2.03|2.02|446000000.0|448000000.0|1.0|1013000000.0|415000000.0|5000000.0|-105000000.0|-421000000.0|446000000.0|-414000000.0|-453000000.0|62000000.0|659000000.0|12016000000.0|4559000000.0|7457000000.0|3252000000.0|3252000000.0|800000000.0|6985000000.0|0.0|6446000000.0|3922000000.0|2524000000.0|1766000000.0|1766000000.0|129000000.0|5570000000.0|5570000000.0|5818000000.0|-171000000.0|12.48878924|1.16241713|1.1572711|1.0044843|1512000000.0|1512000000.0|908000000.0|2.03587444|-377000000.0|5031000000.0|11.28026906|637000000.0
2015-03-31|4262000000.0|4262000000.0|635000000.0|3627000000.0|603000000.0|1437000000.0|1198000000.0|1198000000.0|47000000.0|1151000000.0|305000000.0|846000000.0|0.0|846000000.0|846000000.0|-36000000.0|1.91|1.91|1.9|439000000.0|441000000.0|0.75|982000000.0|402000000.0|79000000.0|-53000000.0|-977000000.0|-344000000.0|-189000000.0|-444000000.0|-532000000.0|-448000000.0|10973000000.0|3986000000.0|6987000000.0|2804000000.0|2804000000.0|652000000.0|6537000000.0|0.0|5348000000.0|2938000000.0|2410000000.0|1257000000.0|1257000000.0|105000000.0|5625000000.0|5625000000.0|6221000000.0|-418000000.0|12.81321185|1.35670524|0.95075556|1.00455581|1600000000.0|1600000000.0|929000000.0|2.11617312|-49000000.0|4436000000.0|10.1047836|1048000000.0
2016-03-31|4025000000.0|4025000000.0|583000000.0|3442000000.0|560000000.0|1373000000.0|1149000000.0|1149000000.0|51000000.0|1098000000.0|315000000.0|783000000.0|0.0|783000000.0|783000000.0|-14000000.0|1.82|1.82|1.81|426000000.0|427000000.0|0.75|1022000000.0|362000000.0|-595000000.0|-48000000.0|-443000000.0|709000000.0|-699000000.0|-429000000.0|24000000.0|8000000.0|11204000000.0|3561000000.0|7643000000.0|2812000000.0|2812000000.0|625000000.0|6881000000.0|0.0|5826000000.0|2894000000.0|2932000000.0|1953000000.0|1953000000.0|77000000.0|5378000000.0|5378000000.0|6575000000.0|-416000000.0|12.62441315|1.23047685|1.08330234|1.00234742|1511000000.0|1511000000.0|974000000.0|2.28638498|570000000.0|4323000000.0|10.14788732|667000000.0
