Date|REVENUE|REVENUEUSD|COR|GP|RND|SGNA|EBIT|EBITUSD|INTEXP|EBT|TAXEXP|NETINC|PREFDIVIS|NETINCCMN|NETINCCMNUSD|NETINCDIS|EPS|EPSUSD|EPSDIL|SHARESWA|SHARESWADIL|DPS|NCFO|DEPAMOR|NCFI|CAPEX|NCFF|NCFDEBT|NCFCOMMON|NCFDIV|NCFX|NCF|ASSETS|ASSETSC|ASSETSNC|CASHNEQ|CASHNEQUSD|RECEIVABLES|INTANGIBLES|INVENTORY|LIABILITIES|LIABILITIESC|LIABILITIESNC|DEBT|DEBTUSD|PAYABLES|EQUITY|EQUITYUSD|RETEARN|ACCOCI|BVPS|CURRENTRATIO|DE|DILUTIONRATIO|EBITDA|EBITDAUSD|FCF|FCFPS|INVCAP|TANGIBLES|TBVPS|WORKINGCAPITAL
2009-04-30|298966000.0|298966000.0|155668000.0|143298000.0|0.0|51093000.0|31963000.0|31963000.0|4006000.0|27957000.0|10051000.0|17906000.0|0.0|17906000.0|17906000.0|0.0|1.52|1.52|1.52|11747183.0|11806732.0|0.0|14318000.0|1395000.0|-2602000.0|-2602000.0|-11701000.0|-11398000.0|-716000.0|0.0|0.0|15000.0|219624000.0|||168000.0|168000.0|182041000.0|355000.0|15476000.0|62147000.0|||29839000.0|29839000.0|3928000.0|156977000.0|156977000.0|123213000.0|0.0|13.36294838||0.39589876|1.00506922|33358000.0|33358000.0|11716000.0|0.99734549|248940000.0|219269000.0|18.66566648|
2010-04-30|338930000.0|338930000.0|173106000.0|165824000.0|0.0|57207000.0|44271000.0|44271000.0|2319000.0|41952000.0|15113000.0|26839000.0|40000.0|26799000.0|26799000.0|0.0|2.29|2.29|2.27|11681880.0|11815629.0|0.0|8117000.0|1694000.0|-5445000.0|-5445000.0|-2572000.0|7881000.0|-10547000.0|-40000.0|0.0|100000.0|251272000.0|||268000.0|268000.0|205423000.0|355000.0|20367000.0|74682000.0|||38766000.0|38766000.0|5796000.0|176090000.0|176090000.0|150012000.0|0.0|15.07377237||0.42411267|1.01144927|45965000.0|45965000.0|2672000.0|0.22873031|289415000.0|250917000.0|21.4791626|
2011-04-30|379251000.0|379251000.0|195985000.0|183266000.0|0.0|62141000.0|47671000.0|47671000.0|2625000.0|45046000.0|16831000.0|28215000.0|40000.0|28175000.0|28175000.0|0.0|2.59|2.59|2.54|10861403.0|11088243.0|0.0|16864000.0|1928000.0|-4793000.0|-4793000.0|-12116000.0|8163000.0|-20244000.0|-40000.0|0.0|-45000.0|276409000.0|||223000.0|223000.0|222305000.0|355000.0|23595000.0|88998000.0|||47539000.0|47539000.0|7742000.0|186911000.0|186911000.0|178187000.0|0.0|17.20873445||0.47615175|1.02088496|49599000.0|49599000.0|12071000.0|1.11136655|323370000.0|276054000.0|25.41605352|
2012-04-30|430177000.0|430177000.0|223392000.0|206785000.0|0.0|67663000.0|55064000.0|55064000.0|2285000.0|52779000.0|19792000.0|32987000.0|40000.0|32947000.0|32947000.0|0.0|3.36|3.36|3.24|9793616.0|10156355.0|0.0|11696000.0|2329000.0|-4435000.0|-4435000.0|-7208000.0|30489000.0|-37878000.0|-40000.0|0.0|53000.0|310940000.0|||276000.0|276000.0|251103000.0|355000.0|27242000.0|126067000.0|||77900000.0|77900000.0|7352000.0|184373000.0|184373000.0|211134000.0|0.0|18.82583512||0.68376064|1.03703831|57393000.0|57393000.0|7261000.0|0.74140134|388209000.0|310585000.0|31.7130057|
2013-04-30|464676000.0|464676000.0|238984000.0|225692000.0|0.0|73180000.0|53593000.0|53593000.0|2937000.0|50656000.0|18491000.0|32165000.0|40000.0|32125000.0|32125000.0|0.0|3.53|3.53|3.36|9111851.0|9569702.0|0.0|-1336000.0|2826000.0|-5518000.0|-5518000.0|6850000.0|23072000.0|-16372000.0|-40000.0|0.0|-4000.0|358265000.0|||272000.0|272000.0|288049000.0|355000.0|32827000.0|155597000.0|||99563000.0|99563000.0|8832000.0|202168000.0|202168000.0|243259000.0|0.0|22.18736896||0.76964208|1.05024786|56419000.0|56419000.0|-6854000.0|-0.75220721|457201000.0|357910000.0|39.27961509|
2014-04-30|489187000.0|489187000.0|251319000.0|237868000.0|0.0|78591000.0|36669000.0|36669000.0|2997000.0|33672000.0|12543000.0|21129000.0|40000.0|21089000.0|21089000.0|0.0|2.36|2.36|2.25|8930592.0|9391667.0|0.0|21875000.0|3285000.0|-7093000.0|-7093000.0|-14765000.0|-2983000.0|-11883000.0|-40000.0|0.0|17000.0|363297000.0|||289000.0|289000.0|293299000.0|355000.0|30115000.0|149891000.0|||97032000.0|97032000.0|8542000.0|212906000.0|212906000.0|264348000.0|0.0|23.8400769||0.70402431|1.05162872|39954000.0|39954000.0|14782000.0|1.65520942|459685000.0|362942000.0|40.64030694|
2015-04-30|530321000.0|530321000.0|272446000.0|257875000.0|0.0|83802000.0|49937000.0|49937000.0|2903000.0|47034000.0|17544000.0|29490000.0|40000.0|29450000.0|29450000.0|0.0|3.42|3.42|3.25|8617864.0|9048957.0|0.0|12387000.0|3830000.0|-3897000.0|-3897000.0|-7989000.0|6155000.0|-15731000.0|-40000.0|0.0|501000.0|399897000.0|||790000.0|790000.0|324144000.0|355000.0|34267000.0|170365000.0|||102221000.0|102221000.0|11022000.0|229032000.0|229032000.0|293798000.0|0.0|26.57642311||0.74384802|1.05002318|53767000.0|53767000.0|8490000.0|0.98516291|500973000.0|399542000.0|46.36206837|
2016-04-30|567906000.0|567906000.0|304886000.0|263020000.0|0.0|92242000.0|21804000.0|21804000.0|3306000.0|18498000.0|6902000.0|11596000.0|40000.0|11556000.0|11556000.0|0.0|1.38|1.38|1.33|8370478.0|8666031.0|0.0|14286000.0|4208000.0|-4519000.0|-4519000.0|-9955000.0|3475000.0|-13628000.0|-40000.0|0.0|-188000.0|406296000.0|||602000.0|602000.0|334793000.0|355000.0|29879000.0|177079000.0|||107902000.0|107902000.0|12313000.0|228717000.0|228717000.0|305354000.0|0.0|27.324246||0.77422754|1.03530898|26012000.0|26012000.0|9767000.0|1.16683898|513241000.0|405941000.0|48.49675252|
