Date|REVENUE|REVENUEUSD|COR|GP|RND|SGNA|EBIT|EBITUSD|INTEXP|EBT|TAXEXP|NETINC|PREFDIVIS|NETINCCMN|NETINCCMNUSD|NETINCDIS|EPS|EPSUSD|EPSDIL|SHARESWA|SHARESWADIL|DPS|NCFO|DEPAMOR|NCFI|CAPEX|NCFF|NCFDEBT|NCFCOMMON|NCFDIV|NCFX|NCF|ASSETS|ASSETSC|ASSETSNC|CASHNEQ|CASHNEQUSD|RECEIVABLES|INTANGIBLES|INVENTORY|LIABILITIES|LIABILITIESC|LIABILITIESNC|DEBT|DEBTUSD|PAYABLES|EQUITY|EQUITYUSD|RETEARN|ACCOCI|BVPS|CURRENTRATIO|DE|DILUTIONRATIO|EBITDA|EBITDAUSD|FCF|FCFPS|INVCAP|TANGIBLES|TBVPS|WORKINGCAPITAL
2009-03-31|720957000.0|720957000.0|524864000.0|196093000.0|0.0|198867000.0|-284022000.0|-284022000.0|1208000.0|-285230000.0|-1096000.0|-284134000.0|0.0|-284134000.0|-284134000.0|1947000.0|-12.58|-12.58|-12.58|22586603.0|22586603.0|0.12|-80407000.0|27683000.0|-11111000.0|-7056000.0|56822000.0|59540000.0|0.0|-2718000.0|911000.0|-33691000.0|374436000.0|231750000.0|142686000.0|36244000.0|36244000.0|151944000.0|87041000.0|27216000.0|181719000.0|160131000.0|21588000.0|74397000.0|74397000.0|28042000.0|192717000.0|192717000.0|199947000.0|-2890000.0|8.53235876|1.44725256|0.94293186|1.0|-256339000.0|-256339000.0|-87463000.0|-3.87233972|165417000.0|287395000.0|12.72413563|71619000.0
2010-03-31|193506000.0|193506000.0|119498000.0|74008000.0|0.0|51450000.0|-2987000.0|-2987000.0|1013000.0|-4000000.0|-7547000.0|3547000.0|0.0|3547000.0|3547000.0|-11177000.0|0.15|0.15|0.15|22627000.0|22627000.0|0.06|103924000.0|9879000.0|2270000.0|-13203000.0|-77524000.0|-6791000.0|0.0|-1360000.0|414000.0|29084000.0|330449000.0|200452000.0|129997000.0|65535000.0|65535000.0|104808000.0|82928000.0|14446000.0|131525000.0|111475000.0|20050000.0|695000.0|695000.0|70171000.0|198924000.0|198924000.0|202134000.0|-1320000.0|8.79144385|1.79817896|0.66118216|1.0|6892000.0|6892000.0|90721000.0|4.00941353|71206000.0|247521000.0|10.9391877|88977000.0
2011-03-31|202681000.0|202681000.0|127042000.0|75639000.0|0.0|59333000.0|-51758000.0|-51758000.0|1297000.0|-53055000.0|2420000.0|-55475000.0|0.0|-55475000.0|-55475000.0|32500000.0|-2.44|-2.44|-2.44|22785000.0|22785000.0|0.0|14783000.0|11257000.0|-5710000.0|-6077000.0|-657000.0|-370000.0|-238000.0|0.0|403000.0|8819000.0|312398000.0|229792000.0|82606000.0|74354000.0|74354000.0|31926000.0|37746000.0|10921000.0|164294000.0|146787000.0|17507000.0|1906000.0|1906000.0|17852000.0|148104000.0|148104000.0|146659000.0|-41000.0|6.50006583|1.56547923|1.10931508|1.0|-40501000.0|-40501000.0|8706000.0|0.38209348|55417000.0|274652000.0|12.05407066|83005000.0
2012-03-31|82051000.0|82051000.0|32425000.0|49626000.0|21847000.0|41143000.0|-31021000.0|-31021000.0|943000.0|-31964000.0|-9181000.0|-22783000.0|0.0|-22783000.0|-22783000.0|-14710000.0|-1.02|-1.02|-1.02|22432000.0|22432000.0|0.0|-21698000.0|9770000.0|60339000.0|-4816000.0|-15413000.0|-1001000.0|-14622000.0|0.0|5000.0|23233000.0|204139000.0|154295000.0|49844000.0|97587000.0|97587000.0|32531000.0|29333000.0|15710000.0|89701000.0|78009000.0|11692000.0|994000.0|994000.0|24938000.0|114438000.0|114438000.0|123876000.0|31000.0|5.10155136|1.9779128|0.78383928|1.0|-21251000.0|-21251000.0|-26514000.0|-1.18197218|204000.0|174806000.0|7.79270685|76286000.0
2013-03-31|94008000.0|94008000.0|36389000.0|57619000.0|23892000.0|34334000.0|-4150000.0|-4150000.0|266000.0|-4416000.0|-3118000.0|-1298000.0|0.0|-1298000.0|-1298000.0|-4916000.0|-0.06|-0.06|-0.06|21880000.0|21880000.0|0.0|-10705000.0|6226000.0|-3053000.0|-6438000.0|-877000.0|-289000.0|-278000.0|0.0|-21000.0|-14656000.0|197498000.0|146296000.0|51202000.0|82444000.0|82444000.0|15591000.0|30990000.0|809000.0|83642000.0|74174000.0|9468000.0|86000.0|86000.0|9860000.0|113856000.0|113856000.0|122578000.0|-1099000.0|5.20365631|1.97233532|0.73462971|1.0|2076000.0|2076000.0|-17143000.0|-0.78350091|9976000.0|166508000.0|7.61005484|72122000.0
2014-03-31|101261000.0|101261000.0|37221000.0|64040000.0|25212000.0|34809000.0|14790000.0|14790000.0|184000.0|14606000.0|-2491000.0|17097000.0|0.0|17097000.0|17097000.0|-19992000.0|0.77|0.77|0.77|22135000.0|22135000.0|0.0|73000.0|8800000.0|17569000.0|-16223000.0|-963000.0|-177000.0|-912000.0|0.0|-44000.0|16635000.0|190895000.0|129854000.0|61041000.0|99566000.0|99566000.0|23615000.0|45005000.0|481000.0|58022000.0|48143000.0|9879000.0|335000.0|335000.0|11073000.0|132873000.0|132873000.0|139675000.0|-134000.0|6.00284617|2.69725609|0.43667261|1.0|23590000.0|23590000.0|-16150000.0|-0.72961373|-1484000.0|145890000.0|6.59091936|81711000.0
2015-03-31|103514000.0|103514000.0|43433000.0|60081000.0|25316000.0|38025000.0|-12503000.0|-12503000.0|48000.0|-12551000.0|-1054000.0|-11497000.0|0.0|-11497000.0|-11497000.0|0.0|-0.51|-0.51|-0.51|22338000.0|22338000.0|0.0|-2186000.0|6980000.0|-21632000.0|-20463000.0|-401000.0|-144000.0|-373000.0|0.0|-280000.0|-24499000.0|181525000.0|105017000.0|76508000.0|75067000.0|75067000.0|25481000.0|60446000.0|641000.0|57337000.0|50610000.0|6727000.0|189000.0|189000.0|16586000.0|124188000.0|124188000.0|128178000.0|-151000.0|5.55949503|2.0750247|0.46169517|1.0|-5523000.0|-5523000.0|-22649000.0|-1.01392246|-4409000.0|121079000.0|5.42031516|54407000.0
2016-03-31|120366000.0|120366000.0|52260000.0|68106000.0|26688000.0|41558000.0|-3730000.0|-3730000.0|29000.0|-3759000.0|6000.0|-3765000.0|0.0|-3765000.0|-3765000.0|0.0|-0.17|-0.17|-0.17|22483000.0|22483000.0|0.0|7218000.0|4464000.0|-21013000.0|-20948000.0|-577000.0|-142000.0|-435000.0|0.0|-87000.0|-14459000.0|185157000.0|95501000.0|89656000.0|60608000.0|60608000.0|22017000.0|72413000.0|2692000.0|61684000.0|54100000.0|7584000.0|333000.0|333000.0|7761000.0|123473000.0|123473000.0|124413000.0|-177000.0|5.49183828|1.76526802|0.49957481|1.0|734000.0|734000.0|-13730000.0|-0.61068363|-1631000.0|112744000.0|5.01463328|41401000.0
