Date|REVENUE|REVENUEUSD|COR|GP|RND|SGNA|EBIT|EBITUSD|INTEXP|EBT|TAXEXP|NETINC|PREFDIVIS|NETINCCMN|NETINCCMNUSD|NETINCDIS|EPS|EPSUSD|EPSDIL|SHARESWA|SHARESWADIL|DPS|NCFO|DEPAMOR|NCFI|CAPEX|NCFF|NCFDEBT|NCFCOMMON|NCFDIV|NCFX|NCF|ASSETS|ASSETSC|ASSETSNC|CASHNEQ|CASHNEQUSD|RECEIVABLES|INTANGIBLES|INVENTORY|LIABILITIES|LIABILITIESC|LIABILITIESNC|DEBT|DEBTUSD|PAYABLES|EQUITY|EQUITYUSD|RETEARN|ACCOCI|BVPS|CURRENTRATIO|DE|DILUTIONRATIO|EBITDA|EBITDAUSD|FCF|FCFPS|INVCAP|TANGIBLES|TBVPS|WORKINGCAPITAL
2009-07-31|3109000000.0|3109000000.0|578000000.0|2531000000.0|556000000.0|1191000000.0|704000000.0|704000000.0|51000000.0|653000000.0|206000000.0|447000000.0|0.0|447000000.0|447000000.0|0.0|1.39|1.39|1.35|322000000.0|330000000.0|0.0|812000000.0|275000000.0|-432000000.0|-202000000.0|-110000000.0|0.0|-102000000.0|0.0|-4000000.0|266000000.0|4826000000.0|1968000000.0|2858000000.0|679000000.0|679000000.0|135000000.0|2045000000.0|0.0|2269000000.0|1084000000.0|1185000000.0|998000000.0|998000000.0|103000000.0|2557000000.0|2557000000.0|2849000000.0|7000000.0|7.94099379|1.81549815|0.88736801|1.02484472|979000000.0|979000000.0|610000000.0|1.89440994|2016000000.0|2781000000.0|8.63664596|884000000.0
2010-07-31|3403000000.0|3403000000.0|591000000.0|2812000000.0|564000000.0|1259000000.0|927000000.0|927000000.0|61000000.0|866000000.0|292000000.0|574000000.0|0.0|574000000.0|574000000.0|-10000000.0|1.82|1.82|1.77|316000000.0|325000000.0|0.0|998000000.0|256000000.0|-997000000.0|-143000000.0|-467000000.0|0.0|-484000000.0|0.0|1000000.0|-465000000.0|5198000000.0|2295000000.0|2903000000.0|214000000.0|214000000.0|135000000.0|2170000000.0|0.0|2377000000.0|1221000000.0|1156000000.0|998000000.0|998000000.0|143000000.0|2821000000.0|2821000000.0|3397000000.0|11000000.0|8.92721519|1.87960688|0.842609|1.02848101|1183000000.0|1183000000.0|855000000.0|2.7056962|2591000000.0|3028000000.0|9.58227848|1074000000.0
2011-07-31|3449000000.0|3449000000.0|481000000.0|2968000000.0|566000000.0|1300000000.0|1048000000.0|1048000000.0|60000000.0|988000000.0|354000000.0|634000000.0|0.0|634000000.0|634000000.0|54000000.0|2.06|2.06|2.0|307000000.0|317000000.0|0.0|1013000000.0|241000000.0|497000000.0|-228000000.0|-1006000000.0|0.0|-1077000000.0|0.0|4000000.0|508000000.0|5110000000.0|2254000000.0|2856000000.0|722000000.0|722000000.0|171000000.0|2066000000.0|0.0|2494000000.0|1805000000.0|689000000.0|999000000.0|999000000.0|129000000.0|2616000000.0|2616000000.0|4031000000.0|15000000.0|8.52117264|1.24875346|0.95336391|1.03257329|1289000000.0|1289000000.0|785000000.0|2.55700326|1516000000.0|3044000000.0|9.91530945|449000000.0
2012-07-31|3808000000.0|3808000000.0|575000000.0|3233000000.0|618000000.0|1414000000.0|1216000000.0|1216000000.0|50000000.0|1166000000.0|374000000.0|792000000.0|0.0|792000000.0|792000000.0|-28000000.0|2.67|2.67|2.6|296000000.0|305000000.0|0.6|1246000000.0|242000000.0|-225000000.0|-196000000.0|-1344000000.0|-500000000.0|-736000000.0|-178000000.0|-6000000.0|-329000000.0|4684000000.0|1523000000.0|3161000000.0|393000000.0|393000000.0|142000000.0|1493000000.0|0.0|1940000000.0|1265000000.0|675000000.0|499000000.0|499000000.0|139000000.0|2744000000.0|2744000000.0|4612000000.0|25000000.0|9.27027027|1.20395257|0.70699708|1.03040541|1458000000.0|1458000000.0|1050000000.0|3.5472973|2032000000.0|3191000000.0|10.78040541|258000000.0
2013-07-31|3946000000.0|3946000000.0|527000000.0|3419000000.0|647000000.0|1534000000.0|1266000000.0|1266000000.0|30000000.0|1236000000.0|378000000.0|858000000.0|0.0|858000000.0|858000000.0|-51000000.0|2.89|2.89|2.83|297000000.0|303000000.0|0.68|1366000000.0|232000000.0|-485000000.0|-195000000.0|-262000000.0|0.0|-127000000.0|-203000000.0|-3000000.0|616000000.0|5486000000.0|2396000000.0|3090000000.0|1009000000.0|1009000000.0|130000000.0|1395000000.0|0.0|1955000000.0|1280000000.0|675000000.0|499000000.0|499000000.0|137000000.0|3531000000.0|3531000000.0|5262000000.0|20000000.0|11.88888889|1.871875|0.55366752|1.02020202|1498000000.0|1498000000.0|1171000000.0|3.94276094|2301000000.0|4091000000.0|13.77441077|1116000000.0
2014-07-31|4243000000.0|4243000000.0|603000000.0|3640000000.0|714000000.0|1601000000.0|1385000000.0|1385000000.0|31000000.0|1354000000.0|447000000.0|907000000.0|0.0|907000000.0|907000000.0|-54000000.0|3.18|3.18|3.12|285000000.0|291000000.0|0.76|1446000000.0|197000000.0|-49000000.0|-186000000.0|-1551000000.0|0.0|-1412000000.0|-220000000.0|-6000000.0|-160000000.0|5201000000.0|2621000000.0|2580000000.0|849000000.0|849000000.0|115000000.0|1456000000.0|0.0|2123000000.0|1421000000.0|702000000.0|499000000.0|499000000.0|145000000.0|3078000000.0|3078000000.0|5949000000.0|-2000000.0|10.8|1.84447572|0.68973359|1.02105263|1582000000.0|1582000000.0|1260000000.0|4.42105263|1974000000.0|3745000000.0|13.14035088|1200000000.0
2015-07-31|4192000000.0|4192000000.0|695000000.0|3497000000.0|798000000.0|1771000000.0|691000000.0|691000000.0|27000000.0|664000000.0|299000000.0|365000000.0|0.0|365000000.0|365000000.0|48000000.0|1.3|1.3|1.28|281000000.0|286000000.0|1.0|1504000000.0|231000000.0|-182000000.0|-261000000.0|-1337000000.0|0.0|-1138000000.0|-283000000.0|-26000000.0|-41000000.0|4968000000.0|2560000000.0|2408000000.0|808000000.0|808000000.0|91000000.0|1353000000.0|0.0|2636000000.0|1744000000.0|892000000.0|500000000.0|500000000.0|190000000.0|2332000000.0|2332000000.0|6027000000.0|-30000000.0|8.29893238|1.46788991|1.13036021|1.01779359|922000000.0|922000000.0|1243000000.0|4.42348754|1563000000.0|3615000000.0|12.86476868|816000000.0
2016-07-31|4694000000.0|4694000000.0|730000000.0|3964000000.0|881000000.0|1807000000.0|1411000000.0|1411000000.0|35000000.0|1376000000.0|397000000.0|979000000.0|0.0|979000000.0|979000000.0|-173000000.0|3.73|3.73|3.69|262000000.0|265000000.0|1.2|1401000000.0|238000000.0|371000000.0|-522000000.0|-1940000000.0|500000000.0|-2175000000.0|-318000000.0|-2000000.0|-170000000.0|4250000000.0|1614000000.0|2636000000.0|638000000.0|638000000.0|108000000.0|1326000000.0|0.0|3089000000.0|2251000000.0|838000000.0|1000000000.0|1000000000.0|184000000.0|1161000000.0|1161000000.0|6687000000.0|-32000000.0|4.43129771|0.71701466|2.66063738|1.01145038|1649000000.0|1649000000.0|879000000.0|3.35496183|1035000000.0|2924000000.0|11.16030534|-637000000.0
