Date|REVENUE|REVENUEUSD|COR|GP|RND|SGNA|EBIT|EBITUSD|INTEXP|EBT|TAXEXP|NETINC|PREFDIVIS|NETINCCMN|NETINCCMNUSD|NETINCDIS|EPS|EPSUSD|EPSDIL|SHARESWA|SHARESWADIL|DPS|NCFO|DEPAMOR|NCFI|CAPEX|NCFF|NCFDEBT|NCFCOMMON|NCFDIV|NCFX|NCF|ASSETS|ASSETSC|ASSETSNC|CASHNEQ|CASHNEQUSD|RECEIVABLES|INTANGIBLES|INVENTORY|LIABILITIES|LIABILITIESC|LIABILITIESNC|DEBT|DEBTUSD|PAYABLES|EQUITY|EQUITYUSD|RETEARN|ACCOCI|BVPS|CURRENTRATIO|DE|DILUTIONRATIO|EBITDA|EBITDAUSD|FCF|FCFPS|INVCAP|TANGIBLES|TBVPS|WORKINGCAPITAL
2009-05-31|3774685000.0|3774685000.0|2223814000.0|1550871000.0|0.0|1082709000.0|411829000.0|411829000.0|50236000.0|361593000.0|135236000.0|226357000.0|0.0|226357000.0|226357000.0|0.0|1.48|1.48|1.48|152790170.0||0.47|523522000.0|200106000.0|-203221000.0|-160092000.0|-254348000.0|-157149000.0|-25847000.0|-72207000.0|-2432000.0|63521000.0|3720951000.0|1270273000.0|2450678000.0|129745000.0|129745000.0|357678000.0|1455718000.0|202351000.0|1353542000.0|300869000.0|1052673000.0|786656000.0|786656000.0|69965000.0|2367409000.0|2367409000.0|2938419000.0|25299000.0|15.4945112|4.22201357|0.57173982||611935000.0|611935000.0|363430000.0|2.37862161|2621275000.0|2265233000.0|14.82577708|969404000.0
2010-05-31|3547339000.0|3547339000.0|2049522000.0|1497817000.0|0.0|1086359000.0|392504000.0|392504000.0|48612000.0|343892000.0|128272000.0|215620000.0|0.0|215620000.0|215620000.0|0.0|1.4|1.4|1.4|152869220.0||0.48|565654000.0|193141000.0|-207582000.0|-111078000.0|-76509000.0|-603000.0|-969000.0|-73960000.0|-27000.0|281536000.0|3969736000.0|1520862000.0|2448874000.0|411281000.0|411281000.0|362219000.0|1460370000.0|169484000.0|1435707000.0|383682000.0|1052025000.0|786053000.0|786053000.0|71747000.0|2534029000.0|2534029000.0|3080079000.0|35873000.0|16.57645012|3.9638607|0.56657086||585645000.0|585645000.0|454576000.0|2.97362674|2500456000.0|2509366000.0|16.41511614|1137180000.0
2011-05-31|3810384000.0|3810384000.0|2201097000.0|1609287000.0|0.0|1168944000.0|442373000.0|442373000.0|49704000.0|392669000.0|145680000.0|246989000.0|0.0|246989000.0|246989000.0|0.0|1.68|1.68|1.68|145303323.0||0.49|340886000.0|193467000.0|-298593000.0|-182592000.0|-20038000.0|500073000.0|-443690000.0|-71812000.0|4570000.0|26825000.0|4351940000.0|1700777000.0|2651163000.0|438106000.0|438106000.0|429131000.0|1590194000.0|249658000.0|2049291000.0|434139000.0|1615152000.0|1286125000.0|1286125000.0|110279000.0|2302649000.0|2302649000.0|3255256000.0|57888000.0|15.84718747|3.9175863|0.88997107||635840000.0|635840000.0|158294000.0|1.08940385|3175626000.0|2761746000.0|19.00676422|1266638000.0
2012-05-31|4102000000.0|4102000000.0|2363392000.0|1738608000.0|0.0|1198981000.0|541569000.0|541569000.0|70625000.0|470944000.0|173307000.0|297637000.0|0.0|297637000.0|297637000.0|0.0|2.27|2.27|2.27|129795443.0||0.54|469862000.0|194165000.0|-104294000.0|-160802000.0|-460575000.0|-1323000.0|-388987000.0|-70820000.0|-3274000.0|-98281000.0|4165706000.0|1538086000.0|2627620000.0|339825000.0|339825000.0|450861000.0|1562197000.0|251205000.0|2026571000.0|675691000.0|1350880000.0|1284802000.0|1284802000.0|94840000.0|2139135000.0|2139135000.0|3482073000.0|36295000.0|16.48081744|2.27631565|0.94737873||735734000.0|735734000.0|309060000.0|2.38113136|2872795000.0|2603509000.0|20.05855475|862395000.0
2013-05-31|4245964000.0|4245964000.0|2492655000.0|1753309000.0|0.0|1187331000.0|565243000.0|565243000.0|65712000.0|499531000.0|184089000.0|315442000.0|0.0|315442000.0|315442000.0|0.0|2.53|2.53|2.52|122520572.0||0.64|552748000.0|189377000.0|-284181000.0|-196486000.0|-256058000.0|24364000.0|-200874000.0|-79744000.0|-61000.0|12448000.0|4345632000.0|1624826000.0|2720806000.0|352273000.0|352273000.0|496049000.0|1609713000.0|240440000.0|2144140000.0|556256000.0|1587884000.0|1309166000.0|1309166000.0|121029000.0|2201492000.0|2201492000.0|3717771000.0|38123000.0|17.96834576|2.921004|0.97394858||754620000.0|754620000.0|356262000.0|2.90777291|3136556000.0|2735919000.0|22.33028262|1068570000.0
2014-05-31|4193844000.0|4193844000.0|2444085000.0|1749759000.0|0.0|1147039000.0|639619000.0|639619000.0|65822000.0|573797000.0|199355000.0|374442000.0|0.0|374442000.0|374442000.0|0.0|3.08|3.08|3.05|120192562.0||0.77|605969000.0|190862000.0|-14543000.0|-145580000.0|-429735000.0|-8187000.0|-328697000.0|-93320000.0|-676000.0|161015000.0|4462452000.0|1805681000.0|2656771000.0|513288000.0|513288000.0|508427000.0|1323086000.0|251239000.0|2269594000.0|630131000.0|1639463000.0|1300980000.0|1300980000.0|150070000.0|2192858000.0|2192858000.0|3998893000.0|28428000.0|18.24453996|2.86556446|1.0349936||830481000.0|830481000.0|460389000.0|3.83042838|3296927000.0|3139366000.0|26.11946986|1175550000.0
2015-05-31|4476886000.0|4476886000.0|2555549000.0|1921337000.0|0.0|1224930000.0|738582000.0|738582000.0|65161000.0|673421000.0|242803000.0|430618000.0|0.0|430618000.0|430618000.0|-20097000.0|3.68|3.68|3.63|114394731.0||0.85|580276000.0|155082000.0|44987000.0|-217720000.0|-712560000.0|-518000.0|-511740000.0|-201891000.0|-8918000.0|-96215000.0|4192460000.0|1735807000.0|2456653000.0|417073000.0|417073000.0|496130000.0|1238046000.0|226211000.0|2260005000.0|508669000.0|1751336000.0|1300000000.0|1300000000.0|109607000.0|1932455000.0|1932455000.0|4227620000.0|-8471000.0|16.89286721|3.41244896|1.16949942||893664000.0|893664000.0|362556000.0|3.16934178|3328672000.0|2954414000.0|25.82648671|1227138000.0
2016-05-31|4905458000.0|4905458000.0|2775588000.0|2129870000.0|0.0|1348122000.0|1019223000.0|1019223000.0|64522000.0|954701000.0|261181000.0|693520000.0|0.0|693520000.0|693520000.0|-236579000.0|6.3|6.3|6.21|107003201.0||1.05|465845000.0|165279000.0|128381000.0|-275385000.0|-866724000.0|-16000.0|-751925000.0|-115273000.0|-5218000.0|-277716000.0|4098815000.0|1590035000.0|2508780000.0|139357000.0|139357000.0|563178000.0|1375308000.0|249362000.0|2256156000.0|815555000.0|1440601000.0|1294422000.0|1294422000.0|114514000.0|1842659000.0|1842659000.0|4805867000.0|-24874000.0|17.22059698|1.94963552|1.22440234||1184502000.0|1184502000.0|190460000.0|1.77994675|3063017000.0|2723507000.0|25.45257501|774480000.0
