Date|REVENUE|REVENUEUSD|COR|GP|RND|SGNA|EBIT|EBITUSD|INTEXP|EBT|TAXEXP|NETINC|PREFDIVIS|NETINCCMN|NETINCCMNUSD|NETINCDIS|EPS|EPSUSD|EPSDIL|SHARESWA|SHARESWADIL|DPS|NCFO|DEPAMOR|NCFI|CAPEX|NCFF|NCFDEBT|NCFCOMMON|NCFDIV|NCFX|NCF|ASSETS|ASSETSC|ASSETSNC|CASHNEQ|CASHNEQUSD|RECEIVABLES|INTANGIBLES|INVENTORY|LIABILITIES|LIABILITIESC|LIABILITIESNC|DEBT|DEBTUSD|PAYABLES|EQUITY|EQUITYUSD|RETEARN|ACCOCI|BVPS|CURRENTRATIO|DE|DILUTIONRATIO|EBITDA|EBITDAUSD|FCF|FCFPS|INVCAP|TANGIBLES|TBVPS|WORKINGCAPITAL
2009-06-30|18334359.0|18334359.0|15767390.0|2566969.0|0.0|5239478.0|-1933467.0|-1933467.0|-25010.0|-1908457.0|-232766.0|-1675691.0|0.0|-1675691.0|-1675691.0|0.0|-0.56|-0.56|-0.56|2987297.0|2987297.0|0.0|-1721287.0|250450.0|-225554.0|-225554.0|-353336.0|-67434.0|-285902.0|0.0|-43419.0|-2343596.0|11858940.0|10733854.0|1125086.0|7259654.0|7259654.0|3010791.0|0.0|0.0|4476350.0|4476350.0|0.0|0.0|0.0|3710692.0|8467550.0|8467550.0|111326.0|-13399.0|2.83451896|2.3979032|0.5286476|1.0|-1683017.0|-1683017.0|-1946841.0|-0.65170654|122936.0|11858940.0|3.96978941|6257504.0
2010-06-30|26841336.0|26841336.0|23668070.0|3173266.0|0.0|4375693.0|-600774.0|-600774.0|-150632.0|-450142.0|86630.0|-536772.0|0.0|-536772.0|-536772.0|0.0|-0.18|-0.18|-0.18|2915879.0|2915879.0|0.0|-1020794.0|216997.0|-331642.0|-40371.0|-20716.0|0.0|-86625.0|0.0|39651.0|-1333501.0|10280963.0|9067177.0|1213786.0|5926153.0|5926153.0|2381117.0|0.0|0.0|4018621.0|4018621.0|0.0|0.0|0.0|3838209.0|7505917.0|7505917.0|-425446.0|-4624.0|2.57415243|2.25629065|0.53539374|1.0|-383777.0|-383777.0|-1061165.0|-0.36392628|336189.0|10280963.0|3.52585378|5048556.0
2011-06-30|32935823.0|32935823.0|29619765.0|3316058.0|0.0|4886243.0|-1139784.0|-1139784.0|-199035.0|-940749.0|-77412.0|-863337.0|0.0|-863337.0|-863337.0|0.0|-0.3|-0.3|-0.3|2903841.0|2903841.0|0.0|-926903.0|248209.0|-41126.0|-41126.0|-19917.0|0.0|0.0|0.0|-59379.0|-1047325.0|9053930.0|7985470.0|1068460.0|4878828.0|4878828.0|2604150.0|0.0|0.0|3878839.0|3878839.0|0.0|0.0|0.0|3624444.0|6833650.0|6833650.0|-1288783.0|-9023.0|2.35331411|2.05872685|0.56760867|1.0|-891575.0|-891575.0|-968029.0|-0.33336157|296263.0|9053930.0|3.1179152|4106631.0
2012-06-30|33881248.0|33881248.0|31184331.0|2696917.0|0.0|5621231.0|-1934476.0|-1934476.0|-46169.0|-1888307.0|-120232.0|-1768075.0|0.0|-1768075.0|-1768075.0|0.0|-0.61|-0.61|-0.61|2903841.0|2903841.0|0.0|185710.0|244180.0|-42680.0|-42680.0|-569474.0|0.0|0.0|0.0|-19051.0|-445495.0|10576530.0|9786401.0|790129.0|4433333.0|4433333.0|5068455.0|0.0|0.0|8032427.0|8032427.0|0.0|0.0|0.0|7770582.0|5286776.0|5286776.0|-3056858.0|16709.0|1.82061483|1.21836165|1.51934317|1.0|-1690296.0|-1690296.0|143030.0|0.04925545|-1889230.0|10576530.0|3.64225521|1753974.0
2013-06-30|17331759.0|17331759.0|15402743.0|1929016.0|0.0|4132556.0|-1374146.0|-1374146.0|15520.0|-1389666.0|410089.0|-1799755.0|0.0|-1799755.0|-1799755.0|0.0|-0.38|-0.38|-0.38|4703841.0|4703841.0|0.0|-4361613.0|198825.0|-50931.0|-50931.0|3026536.0|0.0|3040412.0|0.0|1506.0|-1384502.0|7536205.0|7145165.0|391040.0|3048831.0|3048831.0|4057558.0|0.0|0.0|4404905.0|4404905.0|0.0|0.0|0.0|3929412.0|6705130.0|6705130.0|-4856613.0|54791.0|1.42545847|1.62209287|0.6569455|1.0|-1175321.0|-1175321.0|-4412544.0|-0.93807252|82469.0|7536205.0|1.60213855|2740260.0
2014-06-30|11644392.0|11644392.0|7613459.0|4030933.0|0.0|3730803.0|1716346.0|1716346.0|50170.0|1666176.0|79823.0|1586353.0|0.0|1586353.0|1586353.0|0.0|0.34|0.34|0.34|4721923.0|4721923.0|0.0|-1242471.0|155657.0|-1361034.0|-202398.0|444000.0|0.0|444000.0|0.0|13205.0|-2146300.0|5713954.0|4957798.0|756156.0|902531.0|902531.0|3838538.0|0.0|0.0|1230795.0|1230795.0|0.0|0.0|0.0|487233.0|9177190.0|9177190.0|-3270260.0|24618.0|1.94352809|4.02812654|0.13411458|1.0|1872003.0|1872003.0|-1444869.0|-0.30599165|3580628.0|5713954.0|1.21009047|3727003.0
2015-06-30|11320628.0|11320628.0|5936283.0|5384345.0|0.0|4367548.0|1130411.0|1130411.0|-14200.0|1144611.0|427221.0|717390.0|0.0|717390.0|717390.0|0.0|0.11|0.11|0.11|6443096.0|6443096.0|0.0|-1798098.0|165088.0|593929.0|-519670.0|967820.0|0.0|967820.0|0.0|64140.0|-172209.0|11810550.0|8105688.0|3704862.0|730322.0|730322.0|6109757.0|0.0|0.0|1914044.0|1914044.0|0.0|0.0|0.0|817789.0|14606444.0|14606444.0|-2552870.0|91432.0|2.26699152|4.23484936|0.13104107|1.0|1295499.0|1295499.0|-2317768.0|-0.35972893|9166184.0|11810550.0|1.8330551|6191644.0
2016-06-30|7310540.0|7310540.0|3737989.0|3572551.0|0.0|4821778.0|-905806.0|-905806.0|247530.0|-1153336.0|812593.0|-1965929.0|0.0|-1965929.0|-1965929.0|0.0|-0.23|-0.23|-0.23|8651606.0|8651606.0|0.0|-121048.0|59508.0|294376.0|294376.0|646589.0|0.0|646589.0|0.0|-164245.0|655672.0|9054144.0|8651985.0|402159.0|1385994.0|1385994.0|6439360.0|0.0|0.0|2437382.0|2437382.0|0.0|0.0|0.0|513863.0|11424109.0|11424109.0|-4518799.0|-280907.0|1.32046108|3.54970415|0.21335423|1.0|-846298.0|-846298.0|173328.0|0.0200342|5230768.0|9054144.0|1.04652755|6214603.0
