Date|REVENUE|REVENUEUSD|COR|GP|RND|SGNA|EBIT|EBITUSD|INTEXP|EBT|TAXEXP|NETINC|PREFDIVIS|NETINCCMN|NETINCCMNUSD|NETINCDIS|EPS|EPSUSD|EPSDIL|SHARESWA|SHARESWADIL|DPS|NCFO|DEPAMOR|NCFI|CAPEX|NCFF|NCFDEBT|NCFCOMMON|NCFDIV|NCFX|NCF|ASSETS|ASSETSC|ASSETSNC|CASHNEQ|CASHNEQUSD|RECEIVABLES|INTANGIBLES|INVENTORY|LIABILITIES|LIABILITIESC|LIABILITIESNC|DEBT|DEBTUSD|PAYABLES|EQUITY|EQUITYUSD|RETEARN|ACCOCI|BVPS|CURRENTRATIO|DE|DILUTIONRATIO|EBITDA|EBITDAUSD|FCF|FCFPS|INVCAP|TANGIBLES|TBVPS|WORKINGCAPITAL
2009-05-31|166676000.0|166676000.0|165622000.0|1054000.0|0.0|30735000.0|-24994000.0|-24994000.0|0.0|-24994000.0|-9560000.0|-15434000.0|0.0|-15434000.0|-15434000.0|0.0|-1.84|-1.84|-1.84|8391244.0|8391244.0|0.72|-13616000.0|2704000.0|18937000.0|2541000.0|-6042000.0|0.0|0.0|-6042000.0|0.0|-721000.0|168119000.0|119759000.0|48360000.0|94786000.0|94786000.0|6443000.0|0.0|6502000.0|23377000.0|15385000.0|7992000.0|0.0|0.0|1853000.0|144742000.0|144742000.0|205246000.0|0.0|17.24917068|7.7841404|0.16150806|1.0|-22290000.0|-22290000.0|-11075000.0|-1.31982814|57948000.0|168119000.0|20.03505082|104374000.0
2010-05-31|136230000.0|136230000.0|131400000.0|4830000.0|0.0|26200000.0|-19351000.0|-19351000.0|0.0|-19351000.0|9642000.0|-28993000.0|0.0|-28993000.0|-28993000.0|0.0|-3.46|-3.46|-3.46|8391244.0|8391244.0|0.72|-15251000.0|2189000.0|20725000.0|3191000.0|-6042000.0|0.0|0.0|-6042000.0|0.0|-568000.0|130713000.0|98331000.0|32382000.0|77257000.0|77257000.0|9778000.0|0.0|6756000.0|21006000.0|13688000.0|7318000.0|0.0|0.0|3136000.0|109707000.0|109707000.0|170211000.0|0.0|13.07398522|7.18373758|0.19147365|1.0|-17162000.0|-17162000.0|-12060000.0|-1.43721241|39768000.0|130713000.0|15.57730892|84643000.0
2011-05-31|162327000.0|162327000.0|160525000.0|1802000.0|0.0|28490000.0|-26627000.0|-26627000.0|0.0|-26627000.0|0.0|-26627000.0|0.0|-26627000.0|-26627000.0|0.0|-3.17|-3.17|-3.17|8391244.0|8391244.0|0.72|-25575000.0|2683000.0|32075000.0|-816000.0|-6041000.0|0.0|0.0|-6041000.0|0.0|459000.0|99099000.0|68381000.0|30718000.0|44721000.0|44721000.0|11477000.0|0.0|8720000.0|22060000.0|14716000.0|7344000.0|0.0|0.0|3392000.0|77039000.0|77039000.0|137543000.0|0.0|9.1808795|4.64671106|0.28634847|1.0|-23944000.0|-23944000.0|-26391000.0|-3.14506407|39662000.0|99099000.0|11.80981032|53665000.0
2012-05-31|182846000.0|182846000.0|177962000.0|4884000.0|0.0|27450000.0|-19365000.0|-19365000.0|0.0|-19365000.0|0.0|-19365000.0|0.0|-19365000.0|-19365000.0|0.0|-2.31|-2.31|-2.31|8391244.0|8391244.0|0.18|-18597000.0|2359000.0|22391000.0|4440000.0|-1510000.0|0.0|0.0|-1510000.0|0.0|2284000.0|78856000.0|51470000.0|27386000.0|29009000.0|29009000.0|11199000.0|0.0|8359000.0|22692000.0|14681000.0|8011000.0|0.0|0.0|3296000.0|56164000.0|56164000.0|116668000.0|0.0|6.69316731|3.50589197|0.40403105|1.0|-17006000.0|-17006000.0|-14157000.0|-1.68711576|35166000.0|78856000.0|9.39741473|36789000.0
2013-05-31|177574000.0|177574000.0|166111000.0|11463000.0|0.0|23681000.0|-10513000.0|-10513000.0|0.0|-10513000.0|0.0|-10513000.0|0.0|-10513000.0|-10513000.0|0.0|-1.25|-1.25|-1.25|8391244.0|8391244.0|0.0|-14039000.0|2002000.0|13866000.0|744000.0|0.0|0.0|0.0|0.0|0.0|-173000.0|67927000.0|41637000.0|26290000.0|16438000.0|16438000.0|13519000.0|0.0|8732000.0|22276000.0|14207000.0|8069000.0|0.0|0.0|3675000.0|45651000.0|45651000.0|106155000.0|0.0|5.44031374|2.93073837|0.48796302|1.0|-8511000.0|-8511000.0|-13295000.0|-1.58438963|37282000.0|67927000.0|8.09498568|27430000.0
2014-05-31|153080000.0|153080000.0|142011000.0|11069000.0|0.0|19111000.0|-11793000.0|-11793000.0|71000.0|-11864000.0|0.0|-11864000.0|0.0|-11864000.0|-11864000.0|0.0|-1.41|-1.41|-1.41|8391244.0|8391244.0|0.0|-17596000.0|1716000.0|5455000.0|1188000.0|6334000.0|6334000.0|0.0|0.0|0.0|-5807000.0|65754000.0|41670000.0|24084000.0|6031000.0|6031000.0|16309000.0|0.0|8627000.0|31967000.0|18247000.0|13720000.0|6334000.0|6334000.0|3050000.0|33787000.0|33787000.0|94291000.0|0.0|4.02645901|2.28366307|0.94613313|1.0|-10077000.0|-10077000.0|-16408000.0|-1.95537158|47810000.0|65754000.0|7.83602527|23423000.0
2015-05-31|186985000.0|186985000.0|169891000.0|17094000.0|0.0|21194000.0|-10033000.0|-10033000.0|381000.0|-10414000.0|0.0|-10414000.0|0.0|-10414000.0|-10414000.0|6226000.0|-1.24|-1.24|-1.24|8391244.0|8391244.0|0.0|-4335000.0|1320000.0|5555000.0|1468000.0|-2256000.0|-2022000.0|0.0|0.0|0.0|-1036000.0|50439000.0|31581000.0|18858000.0|4995000.0|4995000.0|15288000.0|0.0|9119000.0|27066000.0|15117000.0|11949000.0|4312000.0|4312000.0|3033000.0|23373000.0|23373000.0|83877000.0|0.0|2.78540345|2.08910498|1.15800282|1.0|-8713000.0|-8713000.0|-2867000.0|-0.34166567|34639000.0|50439000.0|6.01090851|16464000.0
2016-05-31|211774000.0|211774000.0|188461000.0|23313000.0|0.0|21120000.0|1998000.0|1998000.0|320000.0|1678000.0|0.0|1678000.0|0.0|1678000.0|1678000.0|195000.0|0.2|0.2|0.2|8391244.0|8391244.0|0.0|3853000.0|1057000.0|-1189000.0|-1132000.0|0.0|0.0|0.0|0.0|0.0|2664000.0|54978000.0|35818000.0|19160000.0|7659000.0|7659000.0|15153000.0|0.0|11381000.0|29845000.0|18031000.0|11814000.0|4312000.0|4312000.0|3921000.0|25133000.0|25133000.0|85555000.0|0.0|2.99514589|1.98646775|1.18748259|1.0|3055000.0|3055000.0|2721000.0|0.32426658|33600000.0|54978000.0|6.5518295|17787000.0
