Date|REVENUE|REVENUEUSD|COR|GP|RND|SGNA|EBIT|EBITUSD|INTEXP|EBT|TAXEXP|NETINC|PREFDIVIS|NETINCCMN|NETINCCMNUSD|NETINCDIS|EPS|EPSUSD|EPSDIL|SHARESWA|SHARESWADIL|DPS|NCFO|DEPAMOR|NCFI|CAPEX|NCFF|NCFDEBT|NCFCOMMON|NCFDIV|NCFX|NCF|ASSETS|ASSETSC|ASSETSNC|CASHNEQ|CASHNEQUSD|RECEIVABLES|INTANGIBLES|INVENTORY|LIABILITIES|LIABILITIESC|LIABILITIESNC|DEBT|DEBTUSD|PAYABLES|EQUITY|EQUITYUSD|RETEARN|ACCOCI|BVPS|CURRENTRATIO|DE|DILUTIONRATIO|EBITDA|EBITDAUSD|FCF|FCFPS|INVCAP|TANGIBLES|TBVPS|WORKINGCAPITAL
2009-06-30|1362300000.0|1362300000.0|1155100000.0|207200000.0|0.0|133800000.0|79100000.0|79100000.0|16100000.0|63000000.0|15100000.0|47900000.0|0.0|47900000.0|47900000.0|0.0|1.08|1.08|1.08|43900000.0|44200000.0|0.72|145500000.0|52700000.0|-107500000.0|-116200000.0|-100500000.0|-23000000.0|-46000000.0|-31500000.0|-700000.0|-63200000.0|1497400000.0|749700000.0|747700000.0|340100000.0|340100000.0|130800000.0|53900000.0|185400000.0|880400000.0|198500000.0|681900000.0|278600000.0|278600000.0|70200000.0|617000000.0|617000000.0|1013000000.0|-346500000.0|14.0546697|3.7768262|1.42690438|1.00683371|131800000.0|131800000.0|29300000.0|0.66742597|1183500000.0|1443500000.0|32.88154897|551200000.0
2010-06-30|1198600000.0|1198600000.0|1053800000.0|144800000.0|0.0|133100000.0|22500000.0|22500000.0|17800000.0|4700000.0|2600000.0|2100000.0|0.0|2100000.0|2100000.0|0.0|0.04|0.04|0.04|43900000.0|44400000.0|0.72|115200000.0|59100000.0|-132900000.0|-43200000.0|-53500000.0|-22000000.0|200000.0|-31900000.0|-3500000.0|-74700000.0|1583200000.0|820200000.0|763000000.0|265400000.0|265400000.0|188500000.0|52800000.0|203600000.0|1009800000.0|218100000.0|791700000.0|259600000.0|259600000.0|130500000.0|573400000.0|573400000.0|983200000.0|-371100000.0|13.06150342|3.76066025|1.76107429|1.01138952|81600000.0|81600000.0|72000000.0|1.64009112|1306500000.0|1530400000.0|34.86104784|602100000.0
2011-06-30|1675100000.0|1675100000.0|1426100000.0|249000000.0|0.0|149500000.0|104200000.0|104200000.0|17100000.0|87100000.0|16100000.0|71000000.0|0.0|71000000.0|71000000.0|0.0|1.59|1.59|1.59|44100000.0|44700000.0|0.72|64200000.0|66500000.0|-55400000.0|-78500000.0|213900000.0|233600000.0|1600000.0|-32100000.0|4400000.0|227100000.0|1991900000.0|1157600000.0|834300000.0|492500000.0|492500000.0|259400000.0|74900000.0|328600000.0|1215900000.0|395400000.0|820500000.0|507800000.0|507800000.0|170500000.0|765700000.0|765700000.0|1022100000.0|-233300000.0|17.36281179|2.92766818|1.58795873|1.01360544|170700000.0|170700000.0|-14300000.0|-0.32426304|1536900000.0|1917000000.0|43.46938776|762200000.0
2012-06-30|2028700000.0|2028700000.0|1637700000.0|391000000.0|0.0|169200000.0|212000000.0|212000000.0|23800000.0|188200000.0|67000000.0|121200000.0|0.0|121200000.0|121200000.0|0.0|2.55|2.55|2.53|47100000.0|47500000.0|0.72|146200000.0|83800000.0|-140800000.0|-156600000.0|-283400000.0|-253700000.0|1800000.0|-33700000.0|-3500000.0|-281500000.0|2627800000.0|1249700000.0|1378100000.0|211000000.0|211000000.0|354200000.0|370400000.0|642000000.0|1514700000.0|554200000.0|960500000.0|406900000.0|406900000.0|236100000.0|1103800000.0|1103800000.0|1109600000.0|-412500000.0|23.43524416|2.25496211|1.37225947|1.00849257|295800000.0|295800000.0|-10400000.0|-0.22080679|1899100000.0|2257400000.0|47.92781316|695500000.0
2013-06-30|2271700000.0|2271700000.0|1838200000.0|433500000.0|0.0|200800000.0|237400000.0|237400000.0|21000000.0|216400000.0|70300000.0|146100000.0|0.0|146100000.0|146100000.0|0.0|2.75|2.75|2.73|52900000.0|53200000.0|0.72|188500000.0|104100000.0|-301000000.0|-309000000.0|155500000.0|196000000.0|2300000.0|-38300000.0|3500000.0|46500000.0|2882900000.0|1281500000.0|1601400000.0|257500000.0|257500000.0|342000000.0|352700000.0|659200000.0|1579800000.0|421200000.0|1158600000.0|604200000.0|604200000.0|252700000.0|1303100000.0|1303100000.0|1217300000.0|-335700000.0|24.63327032|3.04249763|1.21233981|1.00567108|341500000.0|341500000.0|-120500000.0|-2.2778828|2455700000.0|2530200000.0|47.82986767|860300000.0
2014-06-30|2173000000.0|2173000000.0|1774100000.0|398900000.0|0.0|186900000.0|213400000.0|213400000.0|17000000.0|196400000.0|63600000.0|132800000.0|0.0|132800000.0|132800000.0|0.0|2.48|2.48|2.47|53300000.0|53600000.0|0.72|239600000.0|111900000.0|-348600000.0|-348900000.0|-29100000.0|0.0|7100000.0|-38500000.0|600000.0|-137500000.0|3057500000.0|1194500000.0|1863000000.0|120000000.0|120000000.0|339600000.0|338300000.0|699200000.0|1553200000.0|430600000.0|1122600000.0|604300000.0|604300000.0|278100000.0|1504300000.0|1504300000.0|1311600000.0|-245200000.0|28.22326454|2.77403623|1.03250681|1.00562852|325300000.0|325300000.0|-109300000.0|-2.05065666|2772900000.0|2719200000.0|51.01688555|763900000.0
2015-06-30|2226700000.0|2226700000.0|1908400000.0|318300000.0|0.0|177700000.0|116800000.0|116800000.0|27700000.0|89100000.0|30400000.0|58700000.0|0.0|58700000.0|58700000.0|0.0|1.11|1.11|1.11|52600000.0|52700000.0|0.72|282600000.0|122300000.0|-170000000.0|-170300000.0|-159400000.0|0.0|-122200000.0|-37900000.0|-3200000.0|-50000000.0|2902600000.0|1070400000.0|1832200000.0|70000000.0|70000000.0|304100000.0|329000000.0|655800000.0|1576700000.0|322100000.0|1254600000.0|603800000.0|603800000.0|169500000.0|1325900000.0|1325900000.0|1332400000.0|-328200000.0|25.20722433|3.32319156|1.18915454|1.00190114|239100000.0|239100000.0|112300000.0|2.13498099|2785300000.0|2573600000.0|48.92775665|748300000.0
2016-06-30|1813400000.0|1813400000.0|1557500000.0|255900000.0|0.0|173800000.0|49500000.0|49500000.0|28000000.0|21500000.0|10200000.0|11300000.0|0.0|11300000.0|11300000.0|0.0|0.23|0.23|0.23|48100000.0|48200000.0|0.72|256900000.0|119300000.0|-82600000.0|-93800000.0|-163100000.0|0.0|-123400000.0|-34800000.0|800000.0|12000000.0|2794300000.0|1010700000.0|1783600000.0|82000000.0|82000000.0|253600000.0|308000000.0|628700000.0|1689400000.0|298800000.0|1390600000.0|611300000.0|611300000.0|159600000.0|1104900000.0|1104900000.0|1308900000.0|-409900000.0|22.97089397|3.38253012|1.52900715|1.002079|168800000.0|168800000.0|163100000.0|3.39085239|2716800000.0|2486300000.0|51.69022869|711900000.0
