Date|REVENUE|REVENUEUSD|COR|GP|RND|SGNA|EBIT|EBITUSD|INTEXP|EBT|TAXEXP|NETINC|PREFDIVIS|NETINCCMN|NETINCCMNUSD|NETINCDIS|EPS|EPSUSD|EPSDIL|SHARESWA|SHARESWADIL|DPS|NCFO|DEPAMOR|NCFI|CAPEX|NCFF|NCFDEBT|NCFCOMMON|NCFDIV|NCFX|NCF|ASSETS|ASSETSC|ASSETSNC|CASHNEQ|CASHNEQUSD|RECEIVABLES|INTANGIBLES|INVENTORY|LIABILITIES|LIABILITIESC|LIABILITIESNC|DEBT|DEBTUSD|PAYABLES|EQUITY|EQUITYUSD|RETEARN|ACCOCI|BVPS|CURRENTRATIO|DE|DILUTIONRATIO|EBITDA|EBITDAUSD|FCF|FCFPS|INVCAP|TANGIBLES|TBVPS|WORKINGCAPITAL
2009-05-31|2631267000.0|2631267000.0|2456533000.0|174734000.0|0.0|210046000.0|-125234000.0|-125234000.0|20734000.0|-145968000.0|-37754000.0|-108214000.0|0.0|-108214000.0|-108214000.0|0.0|-1.37|-1.37|-1.37|78903000.0|78903000.0|0.68|254326000.0|64073000.0|-53245000.0|-64154000.0|-218534000.0|-149626000.0|-8503000.0|-53686000.0|0.0|-17453000.0|1363829000.0|598935000.0|764894000.0|56319000.0|56319000.0|182881000.0|124985000.0|270572000.0|620866000.0|372080000.0|248786000.0|239393000.0|239393000.0|144131000.0|706069000.0|706069000.0|518561000.0|0.0|8.94856976|1.60969415|0.87932766|1.0|-61161000.0|-61161000.0|190172000.0|2.41019987|1049838000.0|1238844000.0|15.70084788|226855000.0
2010-05-31|1943034000.0|1943034000.0|1663104000.0|279930000.0|0.0|218315000.0|81425000.0|81425000.0|9534000.0|71891000.0|26650000.0|45241000.0|0.0|45241000.0|45241000.0|0.0|0.57|0.57|0.57|79127000.0|79143000.0|0.4|110419000.0|64653000.0|-81950000.0|-34319000.0|-25772000.0|7949000.0|2313000.0|-31660000.0|0.0|2697000.0|1520347000.0|782285000.0|738062000.0|59016000.0|59016000.0|301455000.0|103507000.0|364331000.0|770313000.0|379802000.0|390511000.0|250238000.0|250238000.0|266662000.0|711413000.0|711413000.0|532126000.0|0.0|8.99077432|2.05971796|1.08279298|1.00020221|146078000.0|146078000.0|76100000.0|0.96174504|1228260000.0|1416840000.0|17.90589811|402483000.0
2011-05-31|2442624000.0|2442624000.0|2086467000.0|356157000.0|0.0|235198000.0|192318000.0|192318000.0|18756000.0|173562000.0|58496000.0|115066000.0|0.0|115066000.0|115066000.0|0.0|1.54|1.54|1.54|74803000.0|75409000.0|0.4|71895000.0|61058000.0|-39277000.0|-22025000.0|-35467000.0|132956000.0|-127937000.0|-30168000.0|0.0|-2849000.0|1667249000.0|891635000.0|775614000.0|56167000.0|56167000.0|388550000.0|113591000.0|370830000.0|926546000.0|525002000.0|401544000.0|383210000.0|383210000.0|260579000.0|689910000.0|689910000.0|504410000.0|0.0|9.22302581|1.69834591|1.34299546|1.00810128|253376000.0|253376000.0|49870000.0|0.66668449|1355699000.0|1553658000.0|20.76999586|366633000.0
2012-05-31|2534701000.0|2534701000.0|2201833000.0|332868000.0|0.0|225069000.0|186996000.0|186996000.0|19497000.0|167499000.0|51904000.0|115595000.0|0.0|115595000.0|115595000.0|0.0|1.66|1.66|1.66|69651000.0|70252000.0|0.46|173649000.0|55873000.0|-188596000.0|-31713000.0|-192000.0|103164000.0|-62302000.0|-32138000.0|0.0|-15139000.0|1877797000.0|914239000.0|963558000.0|41028000.0|41028000.0|400869000.0|257014000.0|401940000.0|1130360000.0|658263000.0|472097000.0|533714000.0|533714000.0|260812000.0|697174000.0|697174000.0|525223000.0|0.0|10.00953324|1.38886585|1.6213456|1.00862873|242869000.0|242869000.0|141936000.0|2.03781712|1455206000.0|1620783000.0|23.27006073|255976000.0
2013-05-31|2612244000.0|2612244000.0|2215601000.0|396643000.0|0.0|258324000.0|224825000.0|224825000.0|23918000.0|200907000.0|64465000.0|136442000.0|0.0|136442000.0|136442000.0|0.0|1.97|1.97|1.97|69301000.0|71314000.0|0.64|272977000.0|66469000.0|-201976000.0|-44588000.0|-60644000.0|-19926000.0|7497000.0|-44144000.0|0.0|10357000.0|1950857000.0|866883000.0|1083974000.0|51385000.0|51385000.0|394327000.0|361002000.0|356768000.0|1078620000.0|448914000.0|629706000.0|521056000.0|521056000.0|223247000.0|830822000.0|830822000.0|597994000.0|0.0|11.98860045|1.93106697|1.29825643|1.0290472|291294000.0|291294000.0|228389000.0|3.29560901|1610612000.0|1589855000.0|22.94129955|417969000.0
2014-05-31|3126426000.0|3126426000.0|2633907000.0|492519000.0|0.0|300396000.0|235320000.0|235320000.0|26671000.0|208649000.0|57349000.0|151300000.0|0.0|151300000.0|151300000.0|0.0|2.19|2.19|2.19|68944000.0|71664000.0|0.45|229046000.0|79730000.0|-46194000.0|-71338000.0|-44158000.0|142729000.0|-123600000.0|-31198000.0|0.0|138694000.0|2296381000.0|1198922000.0|1097459000.0|190079000.0|190079000.0|493127000.0|397086000.0|410002000.0|1351499000.0|589663000.0|761836000.0|666325000.0|666325000.0|344788000.0|850812000.0|850812000.0|591783000.0|0.0|12.34062427|2.03323254|1.58848136|1.03945231|315050000.0|315050000.0|157708000.0|2.28747969|1785878000.0|1899295000.0|27.54837259|609259000.0
2015-05-31|3384234000.0|3384234000.0|2920701000.0|463533000.0|0.0|295920000.0|138357000.0|138357000.0|35800000.0|102557000.0|25772000.0|76785000.0|0.0|76785000.0|76785000.0|0.0|1.16|1.16|1.16|66309000.0|68483000.0|0.87|214375000.0|85089000.0|-203069000.0|-96255000.0|-170318000.0|6767000.0|-124450000.0|-46434000.0|0.0|-159012000.0|2085142000.0|992193000.0|1092949000.0|31067000.0|31067000.0|474292000.0|358116000.0|374975000.0|1245093000.0|524392000.0|720701000.0|670743000.0|670743000.0|306991000.0|749112000.0|749112000.0|510738000.0|0.0|11.29728996|1.89208264|1.66209192|1.0327859|223446000.0|223446000.0|118120000.0|1.78135698|1842310000.0|1727026000.0|26.04512208|467801000.0
2016-05-31|2819714000.0|2819714000.0|2367121000.0|452593000.0|0.0|297402000.0|234372000.0|234372000.0|31670000.0|202702000.0|58987000.0|143715000.0|0.0|143715000.0|143715000.0|0.0|2.3|2.3|2.3|62469000.0|64755000.0|0.75|413384000.0|84699000.0|-127040000.0|-97036000.0|-233223000.0|-85784000.0|-91140000.0|-47193000.0|0.0|53121000.0|2061264000.0|915115000.0|1146149000.0|84188000.0|84188000.0|439688000.0|342231000.0|319335000.0|1141418000.0|430078000.0|711340000.0|581004000.0|581004000.0|303903000.0|793371000.0|793371000.0|522952000.0|0.0|12.70023532|2.12778845|1.43869388|1.03659415|319071000.0|319071000.0|316348000.0|5.06407978|1785771000.0|1719033000.0|27.51817702|485037000.0
