Date|REVENUE|REVENUEUSD|COR|GP|RND|SGNA|EBIT|EBITUSD|INTEXP|EBT|TAXEXP|NETINC|PREFDIVIS|NETINCCMN|NETINCCMNUSD|NETINCDIS|EPS|EPSUSD|EPSDIL|SHARESWA|SHARESWADIL|DPS|NCFO|DEPAMOR|NCFI|CAPEX|NCFF|NCFDEBT|NCFCOMMON|NCFDIV|NCFX|NCF|ASSETS|ASSETSC|ASSETSNC|CASHNEQ|CASHNEQUSD|RECEIVABLES|INTANGIBLES|INVENTORY|LIABILITIES|LIABILITIESC|LIABILITIESNC|DEBT|DEBTUSD|PAYABLES|EQUITY|EQUITYUSD|RETEARN|ACCOCI|BVPS|CURRENTRATIO|DE|DILUTIONRATIO|EBITDA|EBITDAUSD|FCF|FCFPS|INVCAP|TANGIBLES|TBVPS|WORKINGCAPITAL
2009-08-31|42130097.0|42130097.0|33228338.0|8901759.0|0.0|5925990.0|2667100.0|2667100.0|43363.0|2623737.0|1041260.0|1582477.0|0.0|1582477.0|1582477.0|0.0|0.33|0.33|0.33|4781954.0|4781954.0|0.0|3635219.0|316964.0|-246316.0|-246316.0|-2318811.0|-2318811.0|0.0|0.0|0.0|1070092.0|20429428.0|17633412.0|2796016.0|6828571.0|6828571.0|3603916.0|662045.0|6954811.0|1816522.0|1816522.0|0.0|0.0|0.0|999562.0|18612906.0|18612906.0|15755990.0|0.0|3.89232226|9.70723834|0.09759475|1.0|2984064.0|2984064.0|3388903.0|0.70868582|11122290.0|19767383.0|4.13374595|15816890.0
2010-08-31|41572336.0|41572336.0|32499766.0|9072570.0|0.0|5549165.0|3274333.0|3274333.0|16231.0|3258102.0|1275288.0|1982814.0|0.0|1982814.0|1982814.0|0.0|0.41|0.41|0.41|4779788.0|4779788.0|0.0|2669698.0|264303.0|-238880.0|-238880.0|-549075.0|0.0|-549075.0|0.0|0.0|1881743.0|21658733.0|18948406.0|2710327.0|8710314.0|8710314.0|3874114.0|585714.0|6265782.0|1612164.0|1612164.0|0.0|0.0|0.0|465165.0|20046569.0|20046569.0|17263951.0|0.0|4.1940289|11.75339854|0.08042094|1.0|3538636.0|3538636.0|2430818.0|0.50856189|10750541.0|21073019.0|4.40877692|17336242.0
2011-08-31|42056470.0|42056470.0|33930109.0|8126361.0|0.0|5028571.0|1871429.0|1871429.0|440726.0|1430703.0|528309.0|902394.0|0.0|902394.0|902394.0|0.0|0.22|0.22|0.22|4121174.0|4121174.0|0.0|1637215.0|261542.0|-113257.0|-113257.0|-3460145.0|0.0|-3460145.0|0.0|0.0|-1936187.0|20577844.0|18059174.0|2518670.0|6774127.0|6774127.0|3897086.0|510771.0|5815593.0|3089026.0|3089026.0|0.0|0.0|0.0|519265.0|17488818.0|17488818.0|15086971.0|0.0|4.2436495|5.84623567|0.17662863|1.0|2132971.0|2132971.0|1523958.0|0.36978735|10203920.0|20067073.0|4.86926128|14970148.0
2012-08-31|45945530.0|45945530.0|37306129.0|8639401.0|0.0|4832045.0|5019994.0|5019994.0|0.0|5019994.0|1960063.0|3059931.0|0.0|3059931.0|3059931.0|0.0|0.89|0.89|0.89|3444212.0|3444212.0|0.0|3935540.0|244216.0|-324720.0|-324720.0|-3075559.0|0.0|-3075559.0|0.0|0.0|535261.0|20439461.0|17896576.0|2542885.0|7309388.0|7309388.0|3092842.0|444203.0|7085389.0|2966271.0|2966271.0|0.0|0.0|0.0|1577182.0|17473190.0|17473190.0|15392665.0|0.0|5.07320397|6.03335838|0.16976127|1.0|5264210.0|5264210.0|3610820.0|1.04837333|9719599.0|19995258.0|5.80546668|14930305.0
2013-08-31|49286147.0|49286147.0|39455054.0|9831093.0|0.0|4900916.0|5064925.0|5064925.0|0.0|5064925.0|1932906.0|3132019.0|0.0|3132019.0|3132019.0|0.0|1.0|1.0|1.0|3135509.0|3135509.0|0.0|1078180.0|256487.0|-71935.0|-71935.0|-7188.0|0.0|-7188.0|0.0|0.0|999057.0|23657857.0|21047245.0|2610612.0|8308445.0|8308445.0|3344777.0|368662.0|8520991.0|3059836.0|3009443.0|50393.0|0.0|0.0|1715458.0|20598021.0|20598021.0|18517971.0|0.0|6.56927504|6.99373439|0.14855|1.0|5321412.0|5321412.0|1006245.0|0.32091919|11971307.0|23289195.0|7.42756439|18037802.0
2014-08-31|42339563.0|42339563.0|33961367.0|8378196.0|0.0|5017258.0|3115230.0|3115230.0|0.0|3115230.0|1256777.0|1858453.0|0.0|1858453.0|1858453.0|0.0|0.63|0.63|0.63|2968220.0|2968220.0|0.0|382388.0|276340.0|-105525.0|-105525.0|-4257768.0|0.0|-4257768.0|0.0|0.0|-3980905.0|19691820.0|17248477.0|2443343.0|4327540.0|4327540.0|2442928.0|295956.0|9154129.0|1493114.0|1432142.0|60972.0|0.0|0.0|240825.0|18198706.0|18198706.0|16321701.0|0.0|6.13118502|12.04383155|0.08204506|1.0|3391570.0|3391570.0|276863.0|0.09327577|13636182.0|19395864.0|6.53451025|15816335.0
2015-08-31|42238151.0|42238151.0|33821114.0|8417037.0|0.0|5211692.0|3008920.0|3008920.0|0.0|3008920.0|1234949.0|1773971.0|0.0|1773971.0|1773971.0|0.0|0.69|0.69|0.69|2581850.0|2581850.0|0.0|2830679.0|281762.0|-293380.0|-293380.0|-2448542.0|0.0|-2448542.0|0.0|0.0|88757.0|19658419.0|17203458.0|2454961.0|4416297.0|4416297.0|3688247.0|223250.0|8351575.0|2134284.0|2099984.0|34300.0|0.0|0.0|984955.0|17524135.0|17524135.0|15754619.0|0.0|6.78743343|8.19218527|0.12179112|1.0|3290682.0|3290682.0|2537299.0|0.98274454|12918888.0|19435169.0|7.52761353|15103474.0
2016-08-31|48110998.0|48110998.0|38374405.0|9736593.0|0.0|5845178.0|3522867.0|3522867.0|27.0|3522840.0|1397741.0|2125099.0|0.0|2125099.0|2125099.0|0.0|0.87|0.87|0.87|2435650.0|2435650.0|0.0|3149049.0|276268.0|-920845.0|-920845.0|-2124579.0|0.0|-2124579.0|0.0|0.0|103625.0|19869772.0|16764634.0|3105138.0|4519922.0|4519922.0|3342204.0|150543.0|8069017.0|2345117.0|2313764.0|31353.0|0.0|0.0|839972.0|17524655.0|17524655.0|15845092.0|0.0|7.19506292|7.24561105|0.13381816|1.0|3799135.0|3799135.0|2228204.0|0.91482931|12885543.0|19719229.0|8.09608482|14450870.0
