Date|REVENUE|REVENUEUSD|COR|GP|RND|SGNA|EBIT|EBITUSD|INTEXP|EBT|TAXEXP|NETINC|PREFDIVIS|NETINCCMN|NETINCCMNUSD|NETINCDIS|EPS|EPSUSD|EPSDIL|SHARESWA|SHARESWADIL|DPS|NCFO|DEPAMOR|NCFI|CAPEX|NCFF|NCFDEBT|NCFCOMMON|NCFDIV|NCFX|NCF|ASSETS|ASSETSC|ASSETSNC|CASHNEQ|CASHNEQUSD|RECEIVABLES|INTANGIBLES|INVENTORY|LIABILITIES|LIABILITIESC|LIABILITIESNC|DEBT|DEBTUSD|PAYABLES|EQUITY|EQUITYUSD|RETEARN|ACCOCI|BVPS|CURRENTRATIO|DE|DILUTIONRATIO|EBITDA|EBITDAUSD|FCF|FCFPS|INVCAP|TANGIBLES|TBVPS|WORKINGCAPITAL
2009-06-30|5158000000.0|5158000000.0|2954000000.0|2204000000.0|113000000.0|1177000000.0|935000000.0|935000000.0|161000000.0|774000000.0|237000000.0|537000000.0|0.0|537000000.0|537000000.0|0.0|3.82|3.82|3.79|139015000.0|140169000.0|1.84|738000000.0|188000000.0|-197000000.0|-196000000.0|-540000000.0|-323000000.0|41000000.0|-258000000.0|-9000000.0|-8000000.0|4576000000.0|1180000000.0|3396000000.0|206000000.0|206000000.0|486000000.0|2292000000.0|366000000.0|4751000000.0|1937000000.0|2814000000.0|3149000000.0|3149000000.0|381000000.0|-175000000.0|-175000000.0|640000000.0|-347000000.0|-1.25885696|0.60918947|-27.14857143|1.00830126|1123000000.0|1123000000.0|542000000.0|3.89885984|3290000000.0|2284000000.0|16.42988167|-757000000.0
2010-06-30|5234000000.0|5234000000.0|2915000000.0|2319000000.0|118000000.0|1228000000.0|1021000000.0|1021000000.0|139000000.0|882000000.0|279000000.0|603000000.0|0.0|603000000.0|603000000.0|0.0|4.28|4.28|4.24|140272000.0|141534000.0|2.0|819000000.0|183000000.0|-231000000.0|-201000000.0|-706000000.0|-354000000.0|-70000000.0|-282000000.0|-1000000.0|-119000000.0|4548000000.0|1489000000.0|3059000000.0|87000000.0|87000000.0|540000000.0|1949000000.0|332000000.0|4465000000.0|1645000000.0|2820000000.0|2795000000.0|2795000000.0|409000000.0|83000000.0|83000000.0|920000000.0|-371000000.0|0.59170754|0.90516717|53.79518072|1.00899681|1204000000.0|1204000000.0|618000000.0|4.40572602|3662000000.0|2599000000.0|18.5282879|-156000000.0
2011-06-30|5231000000.0|5231000000.0|2958000000.0|2273000000.0|115000000.0|1237000000.0|956000000.0|956000000.0|123000000.0|833000000.0|276000000.0|557000000.0|0.0|557000000.0|557000000.0|-270000000.0|4.06|4.06|4.02|136699000.0|138101000.0|2.2|698000000.0|173000000.0|544000000.0|-228000000.0|-1078000000.0|-213000000.0|-562000000.0|-303000000.0|8000000.0|172000000.0|4163000000.0|1279000000.0|2884000000.0|259000000.0|259000000.0|525000000.0|1703000000.0|382000000.0|4249000000.0|1365000000.0|2884000000.0|2584000000.0|2584000000.0|423000000.0|-86000000.0|-86000000.0|1143000000.0|-250000000.0|-0.62911945|0.93699634|-49.40697674|1.01025611|1129000000.0|1129000000.0|470000000.0|3.43821096|3420000000.0|2460000000.0|17.99574247|-86000000.0
2012-06-30|5468000000.0|5468000000.0|3164000000.0|2304000000.0|121000000.0|1280000000.0|914000000.0|914000000.0|125000000.0|789000000.0|248000000.0|541000000.0|0.0|541000000.0|541000000.0|0.0|4.14|4.14|4.09|130852000.0|132310000.0|2.4|612000000.0|178000000.0|-277000000.0|-192000000.0|-321000000.0|133000000.0|-139000000.0|-315000000.0|-6000000.0|8000000.0|4355000000.0|1376000000.0|2979000000.0|267000000.0|267000000.0|576000000.0|1754000000.0|384000000.0|4490000000.0|2061000000.0|2429000000.0|2721000000.0|2721000000.0|412000000.0|-135000000.0|-135000000.0|1350000000.0|-396000000.0|-1.03169994|0.66763707|-33.25925926|1.01114236|1092000000.0|1092000000.0|420000000.0|3.20973313|2994000000.0|2601000000.0|19.87741876|-685000000.0
2013-06-30|5533000000.0|5533000000.0|3142000000.0|2391000000.0|130000000.0|1291000000.0|973000000.0|973000000.0|122000000.0|851000000.0|279000000.0|572000000.0|0.0|572000000.0|572000000.0|0.0|4.37|4.37|4.3|131075000.0|132969000.0|2.56|775000000.0|180000000.0|-55000000.0|-190000000.0|-685000000.0|-355000000.0|5000000.0|-335000000.0|-3000000.0|32000000.0|4311000000.0|1420000000.0|2891000000.0|299000000.0|299000000.0|580000000.0|1732000000.0|394000000.0|4165000000.0|1134000000.0|3031000000.0|2372000000.0|2372000000.0|413000000.0|146000000.0|146000000.0|1561000000.0|-367000000.0|1.11386611|1.25220459|28.52739726|1.01444974|1153000000.0|1153000000.0|585000000.0|4.46309365|3518000000.0|2579000000.0|19.67575815|286000000.0
2014-06-30|5514000000.0|5514000000.0|3158000000.0|2356000000.0|125000000.0|1254000000.0|966000000.0|966000000.0|103000000.0|863000000.0|305000000.0|558000000.0|0.0|558000000.0|558000000.0|0.0|4.31|4.31|4.23|129558000.0|131742000.0|2.84|767000000.0|177000000.0|-138000000.0|-137000000.0|-592000000.0|-60000000.0|-164000000.0|-368000000.0|-7000000.0|30000000.0|4258000000.0|1395000000.0|2863000000.0|329000000.0|329000000.0|546000000.0|1712000000.0|386000000.0|4104000000.0|1638000000.0|2466000000.0|2313000000.0|2313000000.0|440000000.0|154000000.0|154000000.0|1739000000.0|-417000000.0|1.18865682|0.85164835|26.64935065|1.01685731|1143000000.0|1143000000.0|630000000.0|4.86268698|2892000000.0|2546000000.0|19.65143025|-243000000.0
2015-06-30|5655000000.0|5655000000.0|3190000000.0|2465000000.0|136000000.0|1321000000.0|995000000.0|995000000.0|100000000.0|895000000.0|315000000.0|580000000.0|0.0|580000000.0|580000000.0|0.0|4.45|4.45|4.37|130310000.0|132776000.0|2.96|874000000.0|169000000.0|-106000000.0|-125000000.0|-696000000.0|-128000000.0|-183000000.0|-385000000.0|-19000000.0|53000000.0|4164000000.0|1429000000.0|2735000000.0|382000000.0|382000000.0|519000000.0|1652000000.0|385000000.0|4046000000.0|1405000000.0|2641000000.0|2191000000.0|2191000000.0|979000000.0|118000000.0|118000000.0|1923000000.0|-502000000.0|0.90553296|1.01708185|34.28813559|1.0189241|1164000000.0|1164000000.0|749000000.0|5.74783209|2916000000.0|2512000000.0|19.27710843|24000000.0
2016-06-30|5761000000.0|5761000000.0|3163000000.0|2598000000.0|141000000.0|1393000000.0|1071000000.0|1071000000.0|88000000.0|983000000.0|335000000.0|648000000.0|0.0|648000000.0|648000000.0|0.0|5.01|5.01|4.92|129472000.0|131717000.0|3.08|778000000.0|165000000.0|-430000000.0|-172000000.0|-316000000.0|126000000.0|-44000000.0|-398000000.0|-13000000.0|19000000.0|4510000000.0|1485000000.0|3025000000.0|401000000.0|401000000.0|569000000.0|1932000000.0|443000000.0|4213000000.0|1558000000.0|2655000000.0|2312000000.0|2312000000.0|1035000000.0|297000000.0|297000000.0|2163000000.0|-570000000.0|2.29393228|0.95314506|14.18518519|1.01733966|1236000000.0|1236000000.0|606000000.0|4.68054869|2931000000.0|2578000000.0|19.91164113|-73000000.0
