Date|REVENUE|REVENUEUSD|COR|GP|RND|SGNA|EBIT|EBITUSD|INTEXP|EBT|TAXEXP|NETINC|PREFDIVIS|NETINCCMN|NETINCCMNUSD|NETINCDIS|EPS|EPSUSD|EPSDIL|SHARESWA|SHARESWADIL|DPS|NCFO|DEPAMOR|NCFI|CAPEX|NCFF|NCFDEBT|NCFCOMMON|NCFDIV|NCFX|NCF|ASSETS|ASSETSC|ASSETSNC|CASHNEQ|CASHNEQUSD|RECEIVABLES|INTANGIBLES|INVENTORY|LIABILITIES|LIABILITIESC|LIABILITIESNC|DEBT|DEBTUSD|PAYABLES|EQUITY|EQUITYUSD|RETEARN|ACCOCI|BVPS|CURRENTRATIO|DE|DILUTIONRATIO|EBITDA|EBITDAUSD|FCF|FCFPS|INVCAP|TANGIBLES|TBVPS|WORKINGCAPITAL
2009-06-30|71640000.0|71640000.0|30329000.0|41311000.0|13772000.0|24717000.0|-14147000.0|-14147000.0|119000.0|-14266000.0|211000.0|-14477000.0|0.0|-14477000.0|-14477000.0|0.0|-1.75|-1.75|-1.75|8281000.0|8281000.0|0.0|4300000.0|3177000.0|-2049000.0|-2049000.0|-255000.0|0.0|-255000.0|0.0|-245000.0|1751000.0|57135000.0|48160000.0|8975000.0|29110000.0|29110000.0|14546000.0|4423000.0|3060000.0|23607000.0|18452000.0|5155000.0|949000.0|949000.0|10582000.0|33528000.0|33528000.0|-172259000.0|737000.0|4.04878638|2.61001517|0.70409807|1.0|-10970000.0|-10970000.0|2251000.0|0.27182707|6099000.0|52712000.0|6.3654148|29708000.0
2010-06-30|60421000.0|60421000.0|24021000.0|36400000.0|12530000.0|24198000.0|-516000.0|-516000.0|102000.0|-618000.0|396000.0|-1014000.0|0.0|-1014000.0|-1014000.0|0.0|-0.12|-0.12|-0.12|8327000.0|8327000.0|0.0|6537000.0|2950000.0|-3123000.0|-3123000.0|-949000.0|-949000.0|0.0|0.0|-211000.0|2254000.0|62089000.0|51562000.0|10527000.0|31364000.0|31364000.0|14194000.0|3463000.0|4300000.0|28608000.0|21079000.0|7529000.0|0.0|0.0|9985000.0|33481000.0|33481000.0|-173273000.0|1034000.0|4.02077579|2.44613122|0.85445477|1.0|2434000.0|2434000.0|3414000.0|0.40999159|6183000.0|58626000.0|7.04047076|30483000.0
2011-06-30|66800000.0|66800000.0|29403000.0|37397000.0|14129000.0|25987000.0|-2636000.0|-2636000.0|73000.0|-2709000.0|546000.0|-3255000.0|0.0|-3255000.0|-3255000.0|0.0|-0.39|-0.39|-0.39|8409000.0|8409000.0|0.0|3504000.0|3351000.0|-7453000.0|-1956000.0|0.0|0.0|0.0|0.0|399000.0|-3550000.0|55986000.0|47079000.0|8907000.0|27814000.0|27814000.0|8033000.0|2565000.0|3847000.0|24507000.0|16800000.0|7707000.0|0.0|0.0|7534000.0|31479000.0|31479000.0|-176528000.0|1061000.0|3.74348912|2.80232143|0.77851901|1.0|715000.0|715000.0|1548000.0|0.18408848|8807000.0|53421000.0|6.35283625|30279000.0
2012-06-30|60297000.0|60297000.0|25560000.0|34737000.0|13153000.0|23630000.0|-2163000.0|-2163000.0|73000.0|-2236000.0|651000.0|-2887000.0|0.0|-2887000.0|-2887000.0|0.0|-0.34|-0.34|-0.34|8602000.0|8602000.0|0.0|-1575000.0|3714000.0|3431000.0|-1977000.0|0.0|0.0|0.0|0.0|-57000.0|1799000.0|50873000.0|44164000.0|6709000.0|29613000.0|29613000.0|8739000.0|1738000.0|3683000.0|21767000.0|14781000.0|6986000.0|0.0|0.0|5931000.0|29106000.0|29106000.0|-179415000.0|859000.0|3.38363171|2.98788986|0.74785268|1.0|1551000.0|1551000.0|-3552000.0|-0.41292723|4741000.0|49135000.0|5.71204371|29383000.0
2013-06-30|63444000.0|63444000.0|26607000.0|36837000.0|11599000.0|22584000.0|4683000.0|4683000.0|66000.0|4617000.0|369000.0|4248000.0|0.0|4248000.0|4248000.0|0.0|0.49|0.49|0.48|8735544.0|8909792.0|0.86|4658000.0|2767000.0|1569000.0|1569000.0|-7542000.0|0.0|0.0|-7542000.0|-371000.0|-1686000.0|48469000.0|43796000.0|4673000.0|27927000.0|27927000.0|10701000.0|834000.0|2844000.0|22684000.0|16054000.0|6630000.0|0.0|0.0|7671000.0|25785000.0|25785000.0|-183085000.0|360000.0|2.95173374|2.72804286|0.87973628|1.01994701|7450000.0|7450000.0|6227000.0|0.71283483|3654000.0|47635000.0|5.45300899|27742000.0
2014-06-30|71171000.0|71171000.0|30758000.0|40413000.0|13019000.0|22094000.0|5139000.0|5139000.0|42000.0|5097000.0|-13408000.0|18505000.0|0.0|18505000.0|18505000.0|0.0|2.08|2.08|2.04|8910907.0|9085592.0|0.48|6177000.0|1999000.0|-1309000.0|-1309000.0|-4607000.0|0.0|-136000.0|-4471000.0|-114000.0|147000.0|62386000.0|44963000.0|17423000.0|28074000.0|28074000.0|11355000.0|476000.0|3272000.0|21932000.0|15032000.0|6900000.0|0.0|0.0|7591000.0|40454000.0|40454000.0|-169001000.0|-91000.0|4.53982967|2.99115221|0.54214664|1.0196035|7138000.0|7138000.0|4868000.0|0.5462968|18804000.0|61910000.0|6.94766537|29931000.0
2015-06-30|64459000.0|64459000.0|28069000.0|36390000.0|13588000.0|22271000.0|589000.0|589000.0|0.0|589000.0|778000.0|-189000.0|0.0|-189000.0|-189000.0|0.0|-0.02|-0.02|-0.02|9067697.0|9067697.0|0.48|3544000.0|1762000.0|-1285000.0|-1285000.0|-4501000.0|0.0|0.0|-4501000.0|-381000.0|-2623000.0|57780000.0|39791000.0|17989000.0|25451000.0|25451000.0|10174000.0|0.0|3428000.0|21223000.0|14682000.0|6541000.0|0.0|0.0|6320000.0|36557000.0|36557000.0|-173595000.0|109000.0|4.03156391|2.71018935|0.58054545|1.0|2351000.0|2351000.0|2259000.0|0.2491261|17647000.0|57780000.0|6.37207|25109000.0
2016-06-30|61149000.0|61149000.0|24893000.0|36256000.0|14288000.0|24123000.0|2815000.0|2815000.0|2000.0|2813000.0|13926000.0|-11113000.0|0.0|-11113000.0|-11113000.0|0.0|-1.21|-1.21|-1.21|9154437.0|9154437.0|0.48|-2221000.0|1701000.0|1214000.0|-2251000.0|-4472000.0|0.0|0.0|-4472000.0|296000.0|-5183000.0|45236000.0|39928000.0|5308000.0|20268000.0|20268000.0|15104000.0|0.0|3495000.0|24238000.0|17317000.0|6921000.0|0.0|0.0|9191000.0|20998000.0|20998000.0|-189265000.0|-545000.0|2.29375111|2.30571115|1.15430041|1.0|4516000.0|4516000.0|-4472000.0|-0.48850628|7651000.0|45236000.0|4.94142895|22611000.0
