Date|REVENUE|REVENUEUSD|COR|GP|RND|SGNA|EBIT|EBITUSD|INTEXP|EBT|TAXEXP|NETINC|PREFDIVIS|NETINCCMN|NETINCCMNUSD|NETINCDIS|EPS|EPSUSD|EPSDIL|SHARESWA|SHARESWADIL|DPS|NCFO|DEPAMOR|NCFI|CAPEX|NCFF|NCFDEBT|NCFCOMMON|NCFDIV|NCFX|NCF|ASSETS|ASSETSC|ASSETSNC|CASHNEQ|CASHNEQUSD|RECEIVABLES|INTANGIBLES|INVENTORY|LIABILITIES|LIABILITIESC|LIABILITIESNC|DEBT|DEBTUSD|PAYABLES|EQUITY|EQUITYUSD|RETEARN|ACCOCI|BVPS|CURRENTRATIO|DE|DILUTIONRATIO|EBITDA|EBITDAUSD|FCF|FCFPS|INVCAP|TANGIBLES|TBVPS|WORKINGCAPITAL
2009-09-30|1430125000.0|1430125000.0|1029095000.0|401030000.0|78536000.0|128682000.0|156041000.0|156041000.0|33629000.0|122412000.0|28060000.0|94352000.0|0.0|94352000.0|94352000.0|0.0|1.39|1.39|1.37|67891000.0|69103000.0|0.24|219227000.0|63948000.0|-714130000.0|-28947000.0|487365000.0|504969000.0|3765000.0|-16864000.0|-1432000.0|-8970000.0|1696422000.0|696244000.0|1000178000.0|100863000.0|100863000.0|209626000.0|770575000.0|302339000.0|984907000.0|262078000.0|722829000.0|572340000.0|572340000.0|81108000.0|709238000.0|709238000.0|741505000.0|10129000.0|10.44671606|2.65662894|1.38868335|1.01785215|219989000.0|219989000.0|190280000.0|2.8027279|1135246000.0|925847000.0|13.63725678|434166000.0
2010-09-30|1457030000.0|1457030000.0|1021516000.0|435514000.0|82560000.0|135880000.0|183942000.0|183942000.0|29385000.0|154557000.0|43713000.0|110844000.0|0.0|110844000.0|110844000.0|0.0|1.62|1.62|1.59|68472000.0|69864000.0|0.24|184572000.0|75616000.0|-52132000.0|-28104000.0|-128985000.0|-106381000.0|-2514000.0|-17085000.0|1261000.0|4716000.0|1663233000.0|719142000.0|944091000.0|105579000.0|105579000.0|248513000.0|730743000.0|295034000.0|860039000.0|262565000.0|597474000.0|465842000.0|465842000.0|107468000.0|803194000.0|803194000.0|835919000.0|6342000.0|11.7302547|2.73891037|1.07077369|1.02032948|259558000.0|259558000.0|156468000.0|2.28513845|1030188000.0|932490000.0|13.61855941|456577000.0
2011-09-30|1711702000.0|1711702000.0|1198153000.0|513549000.0|115633000.0|148903000.0|212966000.0|212966000.0|25399000.0|187567000.0|55332000.0|132235000.0|0.0|132235000.0|132235000.0|0.0|1.92|1.92|1.89|68797000.0|70140000.0|0.27|114623000.0|75393000.0|-87140000.0|-48255000.0|-55979000.0|-36601000.0|-4355000.0|-18581000.0|-2544000.0|-31040000.0|1781434000.0|817793000.0|963641000.0|74539000.0|74539000.0|297614000.0|731179000.0|381555000.0|862337000.0|280857000.0|581480000.0|425249000.0|425249000.0|123453000.0|919097000.0|919097000.0|949573000.0|3626000.0|13.35955056|2.91177717|0.93824373|1.0195212|288359000.0|288359000.0|66368000.0|0.96469323|1120108000.0|1050255000.0|15.26599997|536936000.0
2012-09-30|1865627000.0|1865627000.0|1303344000.0|562283000.0|143274000.0|164512000.0|223810000.0|223810000.0|26003000.0|197807000.0|56218000.0|141589000.0|0.0|141589000.0|141589000.0|0.0|2.06|2.06|2.01|68880000.0|70307000.0|0.31|144113000.0|68617000.0|-64617000.0|-64900000.0|-90461000.0|-35276000.0|-37824000.0|-21351000.0|-1745000.0|-12710000.0|1859964000.0|903477000.0|956487000.0|61829000.0|61829000.0|354386000.0|696937000.0|398229000.0|851849000.0|279868000.0|571981000.0|392204000.0|392204000.0|124914000.0|1008115000.0|1008115000.0|1069811000.0|-11723000.0|14.63581591|3.22822545|0.84499189|1.02071719|292427000.0|292427000.0|79213000.0|1.15001452|1213534000.0|1163027000.0|16.88482869|623609000.0
2013-09-30|1935976000.0|1935976000.0|1376271000.0|559705000.0|130250000.0|168097000.0|226274000.0|226274000.0|26703000.0|199571000.0|53629000.0|145942000.0|0.0|145942000.0|145942000.0|0.0|2.13|2.13|2.1|68392000.0|69602000.0|0.32|222592000.0|74233000.0|-340042000.0|-141600000.0|102473000.0|156062000.0|-37384000.0|-21866000.0|1704000.0|-13273000.0|2218518000.0|957113000.0|1261405000.0|48556000.0|48556000.0|381065000.0|850233000.0|431744000.0|1075973000.0|415930000.0|660043000.0|550000000.0|550000000.0|145541000.0|1142545000.0|1142545000.0|1193887000.0|15115000.0|16.70582817|2.30113961|0.94173359|1.01769213|300507000.0|300507000.0|80992000.0|1.18423207|1453799000.0|1368285000.0|20.00650661|541183000.0
2014-09-30|2001240000.0|2001240000.0|1425839000.0|575401000.0|138005000.0|155339000.0|250048000.0|250048000.0|22804000.0|227244000.0|61400000.0|165844000.0|0.0|165844000.0|165844000.0|0.0|2.5|2.5|2.45|66432000.0|67776000.0|0.32|273570000.0|77353000.0|-205829000.0|-207106000.0|3990000.0|158705000.0|-133452000.0|-21263000.0|-5000000.0|66731000.0|2397202000.0|1008644000.0|1388558000.0|115287000.0|115287000.0|346858000.0|814496000.0|451944000.0|1236258000.0|340016000.0|896242000.0|710000000.0|710000000.0|160683000.0|1160944000.0|1160944000.0|1338468000.0|-3533000.0|17.47567437|2.9664604|1.06487307|1.02023121|327401000.0|327401000.0|66464000.0|1.0004817|1837403000.0|1582706000.0|23.82445207|668628000.0
2015-09-30|2038303000.0|2038303000.0|1453718000.0|584585000.0|134485000.0|156995000.0|265813000.0|265813000.0|24864000.0|240949000.0|59497000.0|181452000.0|0.0|181452000.0|181452000.0|0.0|2.81|2.81|2.75|64684000.0|66056000.0|0.38|295990000.0|75235000.0|-284083000.0|-286612000.0|-34006000.0|141002000.0|-150362000.0|-24646000.0|-10986000.0|-33085000.0|2512404000.0|917419000.0|1594985000.0|82202000.0|82202000.0|322215000.0|782115000.0|447664000.0|1359300000.0|338208000.0|1021092000.0|850918000.0|850918000.0|173287000.0|1153104000.0|1153104000.0|1495274000.0|-51458000.0|17.82672686|2.71258811|1.17881822|1.02121081|341048000.0|341048000.0|9378000.0|0.14498176|2160797000.0|1730289000.0|26.74987632|579211000.0
2016-09-30|2023078000.0|2023078000.0|1475540000.0|547538000.0|126170000.0|154951000.0|253262000.0|253262000.0|26776000.0|226486000.0|45648000.0|180838000.0|0.0|180838000.0|180838000.0|0.0|2.92|2.92|2.85|61893000.0|63556000.0|0.43|435379000.0|69036000.0|-173946000.0|-175692000.0|-260993000.0|-124738000.0|-109649000.0|-26606000.0|-1552000.0|-1112000.0|2642362000.0|944424000.0|1697938000.0|81090000.0|81090000.0|343768000.0|753334000.0|461683000.0|1429767000.0|480613000.0|949154000.0|727153000.0|727153000.0|169439000.0|1212595000.0|1212595000.0|1649506000.0|-65705000.0|19.59179552|1.96504048|1.1790969|1.02686895|322298000.0|322298000.0|259687000.0|4.19574104|2054478000.0|1889028000.0|30.52086666|463811000.0
