Date|REVENUE|REVENUEUSD|COR|GP|RND|SGNA|EBIT|EBITUSD|INTEXP|EBT|TAXEXP|NETINC|PREFDIVIS|NETINCCMN|NETINCCMNUSD|NETINCDIS|EPS|EPSUSD|EPSDIL|SHARESWA|SHARESWADIL|DPS|NCFO|DEPAMOR|NCFI|CAPEX|NCFF|NCFDEBT|NCFCOMMON|NCFDIV|NCFX|NCF|ASSETS|ASSETSC|ASSETSNC|CASHNEQ|CASHNEQUSD|RECEIVABLES|INTANGIBLES|INVENTORY|LIABILITIES|LIABILITIESC|LIABILITIESNC|DEBT|DEBTUSD|PAYABLES|EQUITY|EQUITYUSD|RETEARN|ACCOCI|BVPS|CURRENTRATIO|DE|DILUTIONRATIO|EBITDA|EBITDAUSD|FCF|FCFPS|INVCAP|TANGIBLES|TBVPS|WORKINGCAPITAL
2009-03-31|734991000.0|734991000.0|706418000.0|28573000.0|0.0|16652000.0|9825000.0|9825000.0|1621000.0|8204000.0|3255000.0|4949000.0|0.0|4949000.0|4949000.0|0.0|242.82|242.82|239.92|19603.0|19840.0|0.0|22149000.0|3528000.0|-2971000.0|-577000.0|-7117000.0|-6928000.0|0.0|0.0|373000.0|12434000.0||||||||||||||||||||||1.01208999|13353000.0|13353000.0|21572000.0|1100.44380962||||
2010-03-31|735506000.0|735506000.0|708215000.0|27291000.0|0.0|17849000.0|6782000.0|6782000.0|668000.0|6114000.0|2478000.0|3636000.0|0.0|3636000.0|3636000.0|0.0|178.75|178.75|176.61|19603.0|19840.0|0.0|7480000.0|3839000.0|-2833000.0|-582000.0|-834000.0|-702000.0|0.0|0.0|-542000.0|3271000.0|111580000.0|72785000.0|38795000.0|24238000.0|24238000.0|37183000.0|10085000.0|7283000.0|65177000.0|48104000.0|17073000.0|9100000.0|9100000.0|35373000.0|46178000.0|46178000.0|9859000.0|84000.0|2355.65984798|1.51307584|1.41142969|1.01208999|10621000.0|10621000.0|6898000.0|351.88491557|38253000.0|101495000.0|5177.52384839|24681000.0
2011-03-31|622232000.0|622232000.0|583032000.0|39200000.0|0.0|20922000.0|15161000.0|15161000.0|2482000.0|12679000.0|0.0|12679000.0|13000.0|12666000.0|12666000.0|0.0|1.16|1.16|1.16|10933568.0|10933568.0|0.0|34009000.0|4406000.0|-18438000.0|-1440000.0|-3170000.0|26289000.0|0.0|0.0|-47000.0|12354000.0|163833000.0|77490000.0|86343000.0|16337000.0|16337000.0|44346000.0|20323000.0|12697000.0|116480000.0|50544000.0|65936000.0|66371000.0|66371000.0|37244000.0|47353000.0|47353000.0||56000.0|4.33097412|1.53311966|2.45982303|1.0|19567000.0|19567000.0|32569000.0|2.97880802|143000000.0|143510000.0|13.12563291|26946000.0
2012-03-31|1310473000.0|1310473000.0|1217023000.0|93450000.0|0.0|63309000.0|16097000.0|16097000.0|7620000.0|8477000.0|601000.0|7876000.0|8000.0|7868000.0|7868000.0|0.0|0.32|0.32|0.32|20345367.0|20345367.0|0.85|90329000.0|17188000.0|-296897000.0|-7544000.0|198063000.0|145342000.0|71341000.0|0.0|0.0|-8505000.0|749519000.0|198624000.0|550895000.0|7832000.0|7832000.0|86286000.0|316735000.0|94504000.0|344190000.0|144801000.0|199389000.0|218711000.0|218711000.0|90831000.0|404901000.0|404901000.0||31000.0|19.9013859|1.37170323|0.85005964|1.0|33285000.0|33285000.0|82785000.0|4.06898534|498862000.0|432784000.0|21.27186991|53823000.0
2013-03-31|4417767000.0|4417767000.0|4039110000.0|378657000.0|0.0|222310000.0|82809000.0|82809000.0|32994000.0|49815000.0|1875000.0|47940000.0|2917000.0|45023000.0|45023000.0|0.0|0.96|0.96|0.96|47272920.0|47272920.0|1.69|132634000.0|77513000.0|-546621000.0|-72475000.0|417716000.0|489127000.0|-642000.0|0.0|0.0|3729000.0|2291618000.0|761987000.0|1529631000.0|11561000.0|11561000.0|585640000.0|996652000.0|126895000.0|1402200000.0|659559000.0|742641000.0|749062000.0|749062000.0|542955000.0|883678000.0|883678000.0||24000.0|18.69311225|1.15529771|1.58677708|1.0|160322000.0|160322000.0|60159000.0|1.27258904|1372908000.0|1294966000.0|27.39339986|102428000.0
2014-03-31|9699274000.0|9699274000.0|9132699000.0|566575000.0|0.0|335659000.0|107446000.0|107446000.0|58854000.0|48592000.0|937000.0|47655000.0|14148000.0|33507000.0|33507000.0|0.0|0.51|0.51|0.51|67889817.0|67889817.0|2.01|85236000.0|132653000.0|-1455373000.0|-165148000.0|1369016000.0|861966000.0|650155000.0|0.0|0.0|-1121000.0|4147631000.0|1286299000.0|2861332000.0|10440000.0|10440000.0|885349000.0|1821499000.0|310160000.0|2615778000.0|974884000.0|1640894000.0|1636914000.0|1636914000.0|796149000.0|1526579000.0|1526579000.0||-236000.0|22.48612631|1.319438|1.7134901|1.0|240099000.0|240099000.0|-79912000.0|-1.17708374|2977722000.0|2326132000.0|34.26334173|311415000.0
2015-03-31|16802057000.0|16802057000.0|15958207000.0|843850000.0|0.0|513561000.0|143807000.0|143807000.0|110123000.0|33684000.0|-3622000.0|37306000.0|45700000.0|-8394000.0|-8394000.0|0.0|-0.05|-0.05|-0.05|86359300.0|86359300.0|2.37|262391000.0|210475000.0|-1366221000.0|-227978000.0|1134693000.0|866736000.0|541128000.0|-242595000.0|0.0|30863000.0|6655792000.0|1647496000.0|5008296000.0|41303000.0|41303000.0|1042961000.0|2790541000.0|442025000.0|3962360000.0|1119867000.0|2842493000.0|2731936000.0|2731936000.0|858812000.0|2146442000.0|2146442000.0||-109000.0|24.85478692|1.47115327|1.84601308|1.0|354282000.0|354282000.0|34413000.0|0.39848632|5436017000.0|3865251000.0|44.75778521|527629000.0
2016-03-31|11742110000.0|11742110000.0|10839037000.0|903073000.0|0.0|540659000.0|-66207000.0|-66207000.0|133089000.0|-199296000.0|-367000.0|-198929000.0|47620000.0|-246549000.0|-246549000.0|0.0|-2.35|-2.35|-2.35|104838886.0|104838886.0|2.54|351495000.0|249211000.0|-445327000.0|-661885000.0|80705000.0|463978000.0|-17680000.0|-322007000.0|0.0|-13127000.0|5560155000.0|1028480000.0|4531675000.0|28176000.0|28176000.0|536639000.0|2464252000.0|367806000.0|3866090000.0|706017000.0|3160073000.0|2920744000.0|2920744000.0|427499000.0|1656358000.0|1656358000.0||-157000.0|15.79908051|1.45673546|2.33409082|1.0|183004000.0|183004000.0|-310390000.0|-2.9606381|5282454000.0|3095903000.0|29.53010203|322463000.0
