Date|REVENUE|REVENUEUSD|COR|GP|RND|SGNA|EBIT|EBITUSD|INTEXP|EBT|TAXEXP|NETINC|PREFDIVIS|NETINCCMN|NETINCCMNUSD|NETINCDIS|EPS|EPSUSD|EPSDIL|SHARESWA|SHARESWADIL|DPS|NCFO|DEPAMOR|NCFI|CAPEX|NCFF|NCFDEBT|NCFCOMMON|NCFDIV|NCFX|NCF|ASSETS|ASSETSC|ASSETSNC|CASHNEQ|CASHNEQUSD|RECEIVABLES|INTANGIBLES|INVENTORY|LIABILITIES|LIABILITIESC|LIABILITIESNC|DEBT|DEBTUSD|PAYABLES|EQUITY|EQUITYUSD|RETEARN|ACCOCI|BVPS|CURRENTRATIO|DE|DILUTIONRATIO|EBITDA|EBITDAUSD|FCF|FCFPS|INVCAP|TANGIBLES|TBVPS|WORKINGCAPITAL
2009-05-31|35497000000.0|35497000000.0|12672000000.0|22825000000.0|0.0|13767000000.0|762000000.0|762000000.0|85000000.0|677000000.0|579000000.0|98000000.0|0.0|98000000.0|98000000.0|0.0|0.31|0.31|0.31|311358341.0||0.44|2753000000.0|1975000000.0|-2383000000.0|-2459000000.0|400000000.0|499000000.0|41000000.0|-137000000.0|-17000000.0|753000000.0|24244000000.0|7116000000.0|17128000000.0|2292000000.0|2292000000.0|3391000000.0|2229000000.0|367000000.0|10618000000.0|4524000000.0|6094000000.0|3385000000.0|3385000000.0|1372000000.0|13626000000.0|13626000000.0|12919000000.0|-1373000000.0|43.76308005|1.5729443|0.77924556||2737000000.0|2737000000.0|294000000.0|0.94424964|18584000000.0|22015000000.0|70.70631199|2592000000.0
2010-05-31|34734000000.0|34734000000.0|11908000000.0|22826000000.0|0.0|14027000000.0|1973000000.0|1973000000.0|79000000.0|1894000000.0|710000000.0|1184000000.0|0.0|1184000000.0|1184000000.0|0.0|3.78|3.78|3.76|313190004.0||0.44|3138000000.0|1958000000.0|-2781000000.0|-2816000000.0|-692000000.0|-653000000.0|94000000.0|-138000000.0|-5000000.0|-340000000.0|24902000000.0|7284000000.0|17618000000.0|1952000000.0|1952000000.0|4163000000.0|2200000000.0|389000000.0|11091000000.0|4645000000.0|6446000000.0|2734000000.0|2734000000.0|1522000000.0|13811000000.0|13811000000.0|13966000000.0|-2440000000.0|44.09783142|1.56813778|0.80305554||3931000000.0|3931000000.0|322000000.0|1.02812988|18839000000.0|22702000000.0|72.48634921|2639000000.0
2011-05-31|39304000000.0|39304000000.0|14266000000.0|25038000000.0|0.0|15276000000.0|2351000000.0|2351000000.0|86000000.0|2265000000.0|813000000.0|1452000000.0|0.0|1452000000.0|1452000000.0|0.0|4.61|4.61|4.57|315657943.0||0.48|4041000000.0|1973000000.0|-3419000000.0|-3434000000.0|-287000000.0|-262000000.0|108000000.0|-151000000.0|41000000.0|376000000.0|27385000000.0|8285000000.0|19100000000.0|2328000000.0|2328000000.0|4581000000.0|2326000000.0|437000000.0|12165000000.0|4882000000.0|7283000000.0|2464000000.0|2464000000.0|1702000000.0|15220000000.0|15220000000.0|15266000000.0|-2550000000.0|48.21674961|1.69705039|0.79927727||4324000000.0|4324000000.0|607000000.0|1.92296761|20313000000.0|25059000000.0|79.3865656|3403000000.0
2012-05-31|42680000000.0|42680000000.0|15758000000.0|26922000000.0|0.0|16099000000.0|3193000000.0|3193000000.0|52000000.0|3141000000.0|1109000000.0|2032000000.0|0.0|2032000000.0|2032000000.0|0.0|6.44|6.44|6.41|315367909.0||0.52|4835000000.0|2113000000.0|-4049000000.0|-4007000000.0|-244000000.0|-29000000.0|-69000000.0|-164000000.0|-27000000.0|515000000.0|29903000000.0|9056000000.0|20847000000.0|2843000000.0|2843000000.0|4704000000.0|2387000000.0|440000000.0|15176000000.0|5374000000.0|9802000000.0|2451000000.0|2451000000.0|1613000000.0|14727000000.0|14727000000.0|17134000000.0|-4953000000.0|46.69783951|1.68515073|1.03048822||5306000000.0|5306000000.0|828000000.0|2.62550493|21750000000.0|27516000000.0|87.25047544|3682000000.0
2013-05-31|44287000000.0|44287000000.0|16448000000.0|27839000000.0|0.0|16055000000.0|4420000000.0|4420000000.0|82000000.0|4338000000.0|1622000000.0|2716000000.0|0.0|2716000000.0|2716000000.0|0.0|8.61|8.61|8.55|316868914.0||0.56|4688000000.0|2386000000.0|-3803000000.0|-3375000000.0|1184000000.0|1322000000.0|34000000.0|-177000000.0|5000000.0|2074000000.0|33567000000.0|11274000000.0|22293000000.0|4917000000.0|4917000000.0|5044000000.0|2755000000.0|457000000.0|16169000000.0|5750000000.0|10419000000.0|3768000000.0|3768000000.0|1879000000.0|17398000000.0|17398000000.0|18519000000.0|-3820000000.0|54.90598551|1.96069565|0.9293597||6806000000.0|6806000000.0|1313000000.0|4.14366933|23913000000.0|30812000000.0|97.23894847|5524000000.0
2014-05-31|45567000000.0|45567000000.0|17052000000.0|28515000000.0|0.0|16171000000.0|3818000000.0|3818000000.0|160000000.0|3658000000.0|1334000000.0|2324000000.0|0.0|2324000000.0|2324000000.0|0.0|7.56|7.56|7.48|295516371.0||0.6|4264000000.0|2587000000.0|-3551000000.0|-3533000000.0|-2719000000.0|1743000000.0|-4300000000.0|-187000000.0|-3000000.0|-2009000000.0|33070000000.0|9683000000.0|23387000000.0|2908000000.0|2908000000.0|5460000000.0|2790000000.0|463000000.0|17793000000.0|5312000000.0|12481000000.0|5495000000.0|5495000000.0|1971000000.0|15277000000.0|15277000000.0|16229000000.0|506000000.0|51.69595156|1.82285392|1.16469202||6405000000.0|6405000000.0|731000000.0|2.47363622|27555000000.0|30280000000.0|102.46471252|4371000000.0
2015-05-31|47453000000.0|47453000000.0|16984000000.0|30469000000.0|0.0|17110000000.0|1862000000.0|1862000000.0|235000000.0|1627000000.0|577000000.0|1050000000.0|0.0|1050000000.0|1050000000.0|0.0|3.7|3.7|3.65|283756646.0||0.8|5366000000.0|2611000000.0|-5752000000.0|-4347000000.0|1349000000.0|2486000000.0|-934000000.0|-227000000.0|-108000000.0|855000000.0|36531000000.0|10335000000.0|26196000000.0|3763000000.0|3763000000.0|5719000000.0|3810000000.0|498000000.0|21538000000.0|5956000000.0|15582000000.0|7979000000.0|7979000000.0|2066000000.0|14993000000.0|14993000000.0|16900000000.0|172000000.0|52.83752896|1.73522498|1.43653705||4473000000.0|4473000000.0|1019000000.0|3.59110532|30981000000.0|32721000000.0|115.31359868|4379000000.0
2016-05-31|50365000000.0|50365000000.0|17327000000.0|33038000000.0|0.0|18581000000.0|3076000000.0|3076000000.0|336000000.0|2740000000.0|920000000.0|1820000000.0|0.0|1820000000.0|1820000000.0|0.0|6.59|6.59|6.51|268423762.0||1.0|5708000000.0|2631000000.0|-9446000000.0|-4818000000.0|3611000000.0|6478000000.0|-2539000000.0|-277000000.0|-102000000.0|-229000000.0|45959000000.0|11989000000.0|33970000000.0|3534000000.0|3534000000.0|7252000000.0|6747000000.0|496000000.0|32175000000.0|8008000000.0|24167000000.0|14162000000.0|14162000000.0|2944000000.0|13784000000.0|13784000000.0|18371000000.0|-169000000.0|51.35163853|1.49712787|2.33422809||5707000000.0|5707000000.0|890000000.0|3.31565281|41832000000.0|39212000000.0|146.08244705|3981000000.0
