Date|REVENUE|REVENUEUSD|COR|GP|RND|SGNA|EBIT|EBITUSD|INTEXP|EBT|TAXEXP|NETINC|PREFDIVIS|NETINCCMN|NETINCCMNUSD|NETINCDIS|EPS|EPSUSD|EPSDIL|SHARESWA|SHARESWADIL|DPS|NCFO|DEPAMOR|NCFI|CAPEX|NCFF|NCFDEBT|NCFCOMMON|NCFDIV|NCFX|NCF|ASSETS|ASSETSC|ASSETSNC|CASHNEQ|CASHNEQUSD|RECEIVABLES|INTANGIBLES|INVENTORY|LIABILITIES|LIABILITIESC|LIABILITIESNC|DEBT|DEBTUSD|PAYABLES|EQUITY|EQUITYUSD|RETEARN|ACCOCI|BVPS|CURRENTRATIO|DE|DILUTIONRATIO|EBITDA|EBITDAUSD|FCF|FCFPS|INVCAP|TANGIBLES|TBVPS|WORKINGCAPITAL
2009-09-30|6119465000.0|6119465000.0|5768262000.0|351203000.0|0.0|86894000.0|277389000.0|277389000.0|10691000.0|266698000.0|77002000.0|189696000.0|139000.0|189557000.0|189557000.0|-2992000.0|1.76|1.76|1.73|108003000.0|109706000.0|0.0|228640000.0|84117000.0|-14290000.0|-62924000.0|-121036000.0|-232628000.0|106932000.0|0.0|341000.0|93655000.0|3789881000.0|2214535000.0|1575346000.0|290777000.0|290777000.0|1732959000.0|1124898000.0|0.0|2035476000.0|1556739000.0|478737000.0|171209000.0|171209000.0|401239000.0|1729718000.0|1729718000.0|414345000.0|-146575000.0|16.01546253|1.42254739|1.17676754|1.01576808|361506000.0|361506000.0|165716000.0|1.53436479|988676000.0|2664983000.0|24.6750831|657796000.0
2010-09-30|6545791000.0|6545791000.0|6115520000.0|430271000.0|0.0|110463000.0|338511000.0|338511000.0|9928000.0|328583000.0|91696000.0|236887000.0|127000.0|236760000.0|236760000.0|77000.0|2.07|2.07|2.05|114344000.0|115463000.0|0.0|158635000.0|78899000.0|-614527000.0|-68490000.0|770579000.0|750120000.0|-3359000.0|0.0|7393000.0|322080000.0|5242909000.0|2946499000.0|2296410000.0|612857000.0|612857000.0|2170188000.0|1799031000.0|0.0|3104440000.0|1852260000.0|1252180000.0|931127000.0|931127000.0|589076000.0|2090012000.0|2090012000.0|651105000.0|-147521000.0|18.27828308|1.59075886|1.48536946|1.00978626|417410000.0|417410000.0|90145000.0|0.78836668|1909888000.0|3443878000.0|30.11857203|1094239000.0
2011-09-30|8037374000.0|8037374000.0|7570672000.0|466702000.0|0.0|90298000.0|417941000.0|417941000.0|42051000.0|375890000.0|100090000.0|275800000.0|2000.0|275798000.0|275798000.0|0.0|2.35|2.35|2.33|117396000.0|118345000.0|0.0|132012000.0|110306000.0|-421917000.0|-77991000.0|137460000.0|223257000.0|-145744000.0|0.0|-3472000.0|-155917000.0|5789328000.0|2990066000.0|2799262000.0|456940000.0|456940000.0|2380181000.0|2205470000.0|0.0|3394191000.0|1814446000.0|1579745000.0|1162469000.0|1162469000.0|679111000.0|2339711000.0|2339711000.0|826946000.0|-187574000.0|19.93007428|1.64792229|1.45068814|1.00808375|528247000.0|528247000.0|54021000.0|0.46016048|2474941000.0|3583858000.0|30.52793962|1175620000.0
2012-09-30|8218180000.0|8218180000.0|7796321000.0|421859000.0|0.0|80903000.0|62575000.0|62575000.0|46726000.0|15849000.0|74416000.0|-58567000.0|0.0|-58567000.0|-58567000.0|0.0|-0.52|-0.52|-0.52|111875000.0|111875000.0|0.0|433352000.0|102974000.0|-73773000.0|-62874000.0|-237614000.0|-96135000.0|-141450000.0|0.0|14871000.0|136836000.0|5664568000.0|3147293000.0|2517275000.0|593776000.0|593776000.0|2395881000.0|1872325000.0|0.0|3440080000.0|2078402000.0|1361678000.0|1069732000.0|1069732000.0|761211000.0|2169464000.0|2169464000.0|606089000.0|-179173000.0|19.39185698|1.51428501|1.58568199|1.0|165549000.0|165549000.0|370478000.0|3.3115352|2189797000.0|3792243000.0|33.89714413|1068891000.0
2013-09-30|8153495000.0|8153495000.0|7703507000.0|449988000.0|0.0|97318000.0|376558000.0|376558000.0|44737000.0|331821000.0|92578000.0|239243000.0|0.0|239243000.0|239243000.0|0.0|2.38|2.38|2.35|100618000.0|101942000.0|0.0|408598000.0|94406000.0|-139490000.0|-52117000.0|-254373000.0|95466000.0|-359707000.0|0.0|-7834000.0|6901000.0|5665623000.0|3131602000.0|2534021000.0|600677000.0|600677000.0|2342262000.0|1894903000.0|0.0|3591529000.0|2053549000.0|1537980000.0|1173325000.0|1173325000.0|725389000.0|2021443000.0|2021443000.0|472155000.0|-261299000.0|20.09027212|1.52497067|1.77671545|1.01315868|470964000.0|470964000.0|356481000.0|3.54291479|2289819000.0|3770720000.0|37.47560079|1078053000.0
2014-09-30|8356783000.0|8356783000.0|7953607000.0|403176000.0|0.0|80908000.0|352720000.0|352720000.0|40842000.0|311878000.0|82024000.0|229854000.0|0.0|229854000.0|229854000.0|0.0|2.36|2.36|2.33|97226000.0|98657000.0|0.0|360625000.0|95394000.0|-142796000.0|-62852000.0|-233757000.0|-167165000.0|-7621000.0|0.0|-10561000.0|-26489000.0|6123377000.0|3434113000.0|2689264000.0|574188000.0|574188000.0|2654976000.0|2027576000.0|0.0|3850897000.0|2455769000.0|1395128000.0|1003978000.0|1003978000.0|1047155000.0|2186517000.0|2186517000.0|677181000.0|-356602000.0|22.48901528|1.398386|1.76120149|1.01471829|448114000.0|448114000.0|297773000.0|3.06268899|2069822000.0|4095801000.0|42.12660194|978344000.0
2015-09-30|17989880000.0|17989880000.0|17454692000.0|535188000.0|0.0|113975000.0|64545000.0|64545000.0|299627000.0|-235082000.0|-80237000.0|-154845000.0|0.0|-154845000.0|-154845000.0|0.0|-1.04|-1.04|-1.04|149605000.0|149605000.0|0.0|764433000.0|599265000.0|-3345728000.0|-69426000.0|2719764000.0|3023449000.0|13521000.0|0.0|-28764000.0|109705000.0|14014298000.0|6246085000.0|7768213000.0|683893000.0|683893000.0|4841450000.0|6480130000.0|0.0|10383355000.0|4836052000.0|5547303000.0|4606938000.0|4606938000.0|1853993000.0|3407748000.0|3407748000.0|522336000.0|-635100000.0|22.77830286|1.29156696|3.0469844|1.0|663810000.0|663810000.0|695007000.0|4.64561345|6621161000.0|7534168000.0|50.36040239|1410033000.0
2016-09-30|17410825000.0|17410825000.0|16768001000.0|642824000.0|0.0|115088000.0|316354000.0|316354000.0|258162000.0|58192000.0|-37917000.0|96109000.0|0.0|96109000.0|96109000.0|0.0|0.62|0.62|0.62|154772000.0|156073000.0|0.0|814155000.0|398730000.0|-162615000.0|-136764000.0|-637979000.0|-493736000.0|12246000.0|0.0|-5309000.0|8252000.0|13726745000.0|6000771000.0|7725974000.0|692145000.0|692145000.0|4531460000.0|6303282000.0|0.0|10174256000.0|5304756000.0|4869500000.0|4125290000.0|4125290000.0|1910915000.0|3366921000.0|3366921000.0|618445000.0|-857582000.0|21.7540705|1.13120585|3.02182795|1.00840591|715084000.0|715084000.0|677391000.0|4.3767025|5551852000.0|7423463000.0|47.96386297|696015000.0
