Date|REVENUE|REVENUEUSD|COR|GP|RND|SGNA|EBIT|EBITUSD|INTEXP|EBT|TAXEXP|NETINC|PREFDIVIS|NETINCCMN|NETINCCMNUSD|NETINCDIS|EPS|EPSUSD|EPSDIL|SHARESWA|SHARESWADIL|DPS|NCFO|DEPAMOR|NCFI|CAPEX|NCFF|NCFDEBT|NCFCOMMON|NCFDIV|NCFX|NCF|ASSETS|ASSETSC|ASSETSNC|CASHNEQ|CASHNEQUSD|RECEIVABLES|INTANGIBLES|INVENTORY|LIABILITIES|LIABILITIESC|LIABILITIESNC|DEBT|DEBTUSD|PAYABLES|EQUITY|EQUITYUSD|RETEARN|ACCOCI|BVPS|CURRENTRATIO|DE|DILUTIONRATIO|EBITDA|EBITDAUSD|FCF|FCFPS|INVCAP|TANGIBLES|TBVPS|WORKINGCAPITAL
2009-06-30|58437000000.0|58437000000.0|12155000000.0|46282000000.0|9010000000.0|16909000000.0|19821000000.0|19821000000.0|0.0|19821000000.0|5252000000.0|14569000000.0|0.0|14569000000.0|14569000000.0|0.0|1.63|1.63|1.62|8945000000.0|8996000000.0|0.5|19037000000.0|2562000000.0|-15770000000.0|-3119000000.0|-7463000000.0|5746000000.0|-8774000000.0|-4468000000.0|-67000000.0|-4263000000.0|77888000000.0|49280000000.0|28608000000.0|31447000000.0|31447000000.0|11192000000.0|14262000000.0|717000000.0|38330000000.0|27034000000.0|11296000000.0|5746000000.0|5746000000.0|5008000000.0|39558000000.0|39558000000.0|-22824000000.0|0.0|4.42235886|1.82288969|0.96895697|1.00570151|22383000000.0|22383000000.0|15918000000.0|1.77954164|10891000000.0|63626000000.0|7.11302404|22246000000.0
2010-06-30|62484000000.0|62484000000.0|12395000000.0|50089000000.0|8714000000.0|17277000000.0|25013000000.0|25013000000.0|0.0|25013000000.0|6253000000.0|18760000000.0|0.0|18760000000.0|18760000000.0|0.0|2.13|2.13|2.1|8813000000.0|8927000000.0|0.52|24073000000.0|2673000000.0|-11314000000.0|-1977000000.0|-13291000000.0|190000000.0|-8958000000.0|-4578000000.0|-39000000.0|-571000000.0|86113000000.0|55676000000.0|30437000000.0|36788000000.0|36788000000.0|13014000000.0|13552000000.0|740000000.0|39938000000.0|26147000000.0|13791000000.0|5939000000.0|5939000000.0|4207000000.0|46175000000.0|46175000000.0|-16681000000.0|0.0|5.23941904|2.12934562|0.86492691|1.01293544|27686000000.0|27686000000.0|22096000000.0|2.50720526|15565000000.0|72561000000.0|8.2334052|29529000000.0
2011-06-30|69943000000.0|69943000000.0|15577000000.0|54366000000.0|9043000000.0|18162000000.0|28071000000.0|28071000000.0|0.0|28071000000.0|4921000000.0|23150000000.0|0.0|23150000000.0|23150000000.0|0.0|2.73|2.73|2.69|8490000000.0|8593000000.0|0.61|26994000000.0|2766000000.0|-14616000000.0|-2355000000.0|-8376000000.0|5960000000.0|-9133000000.0|-5180000000.0|103000000.0|4105000000.0|108704000000.0|74918000000.0|33786000000.0|52772000000.0|52772000000.0|14987000000.0|13325000000.0|1372000000.0|51621000000.0|28774000000.0|22847000000.0|11921000000.0|11921000000.0|5405000000.0|57083000000.0|57083000000.0|-6332000000.0|0.0|6.72355713|2.60366998|0.90431477|1.01213192|30837000000.0|30837000000.0|24639000000.0|2.90212014|25754000000.0|95379000000.0|11.23427562|46144000000.0
2012-06-30|73723000000.0|73723000000.0|17530000000.0|56193000000.0|9811000000.0|18426000000.0|22267000000.0|22267000000.0|0.0|22267000000.0|5289000000.0|16978000000.0|0.0|16978000000.0|16978000000.0|0.0|2.02|2.02|2.0|8396000000.0|8506000000.0|0.76|31626000000.0|2967000000.0|-24786000000.0|-2305000000.0|-9408000000.0|0.0|-3116000000.0|-6385000000.0|-104000000.0|-2672000000.0|121271000000.0|85084000000.0|36187000000.0|63040000000.0|63040000000.0|15780000000.0|16622000000.0|1137000000.0|54908000000.0|32688000000.0|22220000000.0|11944000000.0|11944000000.0|4989000000.0|66363000000.0|66363000000.0|-856000000.0|0.0|7.90412101|2.60291238|0.82738876|1.01310148|25234000000.0|25234000000.0|29321000000.0|3.49225822|20865000000.0|104648999999.99998|12.4641496|52396000000.0
2013-06-30|77849000000.0|77849000000.0|20385000000.0|57464000000.0|10411000000.0|20289000000.0|27052000000.0|27052000000.0|0.0|27052000000.0|5189000000.0|21863000000.0|0.0|21863000000.0|21863000000.0|0.0|2.61|2.61|2.58|8375000000.0|8470000000.0|0.89|28833000000.0|3755000000.0|-23811000000.0|-4257000000.0|-8148000000.0|3537000000.0|-4429000000.0|-7455000000.0|-8000000.0|-3134000000.0|142431000000.0|101465999999.99998|40965000000.0|77022000000.0|77022000000.0|17486000000.0|17738000000.0|1938000000.0|63487000000.0|37417000000.0|26070000000.0|15600000000.0|15600000000.0|5473000000.0|78944000000.0|78944000000.0|9895000000.0|1743000000.0|9.42614925|2.71176203|0.80420298|1.01134328|30807000000.0|30807000000.0|24576000000.0|2.93444776|25854000000.0|124693000000.00002|14.88871642|64049000000.0
2014-06-30|86833000000.0|86833000000.0|27078000000.0|59755000000.0|11381000000.0|20488000000.0|27820000000.0|27820000000.0|0.0|27820000000.0|5746000000.0|22074000000.0|0.0|22074000000.0|22074000000.0|0.0|2.66|2.66|2.63|8299000000.0|8399000000.0|1.07|32502000000.0|5212000000.0|-18833000000.0|-5485000000.0|-8665000000.0|6962000000.0|-6709000000.0|-8879000000.0|-139000000.0|4865000000.0|172384000000.0|114246000000.0|58138000000.0|85709000000.0|85709000000.0|19544000000.0|27108000000.0|2660000000.0|82600000000.0|45625000000.0|36975000000.0|22645000000.0|22645000000.0|7990000000.0|89784000000.0|89784000000.0|17710000000.0|3708000000.0|10.81865285|2.50402192|0.91998574|1.01204964|33032000000.0|33032000000.0|27017000000.0|3.25545246|36587000000.0|145276000000.0|17.5052416|68621000000.0
2015-06-30|93580000000.0|93580000000.0|33038000000.0|60542000000.0|12046000000.0|20324000000.0|18507000000.0|18507000000.0|0.0|18507000000.0|6314000000.0|12193000000.0|0.0|12193000000.0|12193000000.0|0.0|1.49|1.49|1.48|8177000000.0|8254000000.0|1.21|29668000000.0|5957000000.0|-23001000000.0|-5944000000.0|-9668000000.0|13661000000.0|-13809000000.0|-9882000000.0|-73000000.0|-3074000000.0|174472000000.0|122797000000.0|51675000000.0|96526000000.0|96526000000.0|17908000000.0|21774000000.0|2902000000.0|94389000000.0|49647000000.0|44742000000.0|35292000000.0|35292000000.0|6683000000.0|80083000000.0|80083000000.0|9096000000.0|2522000000.0|9.79368962|2.47340222|1.17863966|1.00941666|24464000000.0|24464000000.0|23724000000.0|2.90130855|41817000000.0|152698000000.0|18.67408585|73150000000.0
2016-06-30|85320000000.0|85320000000.0|32780000000.0|52540000000.0|11988000000.0|19260000000.0|19751000000.0|19751000000.0|0.0|19751000000.0|2953000000.0|16798000000.0|0.0|16798000000.0|16798000000.0|0.0|2.12|2.12|2.1|7925000000.0|8013000000.0|1.39|33325000000.0|6622000000.0|-23950000000.0|-8343000000.0|-8393000000.0|18283000000.0|-15301000000.0|-11006000000.0|-67000000.0|915000000.0|193468000000.0|139660000000.0|53808000000.0|113240000000.0|113240000000.0|18277000000.0|21605000000.0|2251000000.0|121471000000.0|59357000000.0|62114000000.0|53461000000.0|53461000000.0|7192000000.0|71997000000.0|71997000000.0|2282000000.0|1537000000.0|9.08479495|2.35288172|1.68716752|1.0111041|26373000000.0|26373000000.0|24982000000.0|3.15230284|52727000000.0|171863000000.0|21.68618297|80303000000.0
