Date|REVENUE|REVENUEUSD|COR|GP|RND|SGNA|EBIT|EBITUSD|INTEXP|EBT|TAXEXP|NETINC|PREFDIVIS|NETINCCMN|NETINCCMNUSD|NETINCDIS|EPS|EPSUSD|EPSDIL|SHARESWA|SHARESWADIL|DPS|NCFO|DEPAMOR|NCFI|CAPEX|NCFF|NCFDEBT|NCFCOMMON|NCFDIV|NCFX|NCF|ASSETS|ASSETSC|ASSETSNC|CASHNEQ|CASHNEQUSD|RECEIVABLES|INTANGIBLES|INVENTORY|LIABILITIES|LIABILITIESC|LIABILITIESNC|DEBT|DEBTUSD|PAYABLES|EQUITY|EQUITYUSD|RETEARN|ACCOCI|BVPS|CURRENTRATIO|DE|DILUTIONRATIO|EBITDA|EBITDAUSD|FCF|FCFPS|INVCAP|TANGIBLES|TBVPS|WORKINGCAPITAL
2009-08-31|23170968000.0|23170968000.0|16329854000.0|6841114000.0|0.0|3947976000.0|2343674000.0|2343674000.0|14121000.0|2329553000.0|739590000.0|1589963000.0|0.0|1589963000.0|1589963000.0|0.0|2.55|2.55|2.44|623007198.0|786891344.0|0.5|3160202000.0|498591000.0|-245174000.0|-238790000.0|-1850303000.0|-6969000.0|-1450674000.0|-378446000.0|-125823000.0|938902000.0|12255734000.0|8990514000.0|3265220000.0|4541662000.0|4541662000.0|3456281000.0|825152000.0|0.0|8869528000.0|6238959000.0|2630569000.0|955000.0|955000.0|717379000.0|3386206000.0|3386206000.0|3947129000.0|-227178000.0|5.43525983|1.4410279|2.61931141|1.26305337|2842265000.0|2842265000.0|2921412000.0|4.68921067|650916000.0|11430582000.0|18.34743168|2751555000.0
2010-08-31|23094078000.0|23094078000.0|15843331000.0|7250747000.0|0.0|4326364000.0|2649243000.0|2649243000.0|14677000.0|2634566000.0|853910000.0|1780656000.0|0.0|1780656000.0|1780656000.0|0.0|2.79|2.79|2.66|637170234.0|767013385.0|1.13|3091620000.0|474688000.0|-273765000.0|-234423000.0|-2429026000.0|687000.0|-1633850000.0|-824148000.0|-92199000.0|296630000.0|12835253000.0|9563625000.0|3271628000.0|4838292000.0|4838292000.0|3716735000.0|841234000.0|0.0|9560530000.0|6567604000.0|2992926000.0|1588000.0|1588000.0|885328000.0|3274723000.0|3274723000.0|4634329000.0|-386292000.0|5.13947894|1.45618174|2.91949273|1.20378094|3123931000.0|3123931000.0|2857197000.0|4.48419723|589711000.0|11994019000.0|18.82388467|2996021000.0
2011-08-31|27352914000.0|27352914000.0|18966195000.0|8386719000.0|0.0|4914742000.0|3251459000.0|3251459000.0|15000000.0|3236459000.0|958782000.0|2277677000.0|0.0|2277677000.0|2277677000.0|0.0|3.53|3.53|3.39|645631170.0|743211312.0|0.9|3441739000.0|513256000.0|-703387000.0|-396959000.0|-2121504000.0|-1608000.0|-1614511000.0|-643642000.0|245938000.0|862786000.0|15731510000.0|11471183000.0|4260327000.0|5701078000.0|5701078000.0|4670984000.0|1131991000.0|0.0|11380638000.0|7906589000.0|3474049000.0|4419000.0|4419000.0|949250000.0|4350872000.0|4350872000.0|6281517000.0|-134380000.0|6.73894354|1.45083841|2.61571428|1.15113914|3764715000.0|3764715000.0|3044780000.0|4.71597429|996271000.0|14599519000.0|22.61278525|3564594000.0
2012-08-31|29777985000.0|29777985000.0|20790284000.0|8987701000.0|0.0|5114462000.0|3647812000.0|3647812000.0|15061000.0|3632751000.0|1079241000.0|2553510000.0|0.0|2553510000.0|2553510000.0|0.0|3.97|3.97|3.84|643132601.0|727386654.0|1.35|4256852000.0|593545000.0|-535385000.0|-365997000.0|-2558855000.0|-6268000.0|-1644454000.0|-950857000.0|-223164000.0|939448000.0|16665415000.0|12587931000.0|4077484000.0|6640526000.0|6640526000.0|4492862000.0|1215383000.0|0.0|12040987000.0|8109205000.0|3931782000.0|33000.0|33000.0|903847000.0|4624428000.0|4624428000.0|7904242000.0|-678148000.0|7.19047362|1.55230149|2.60377867|1.13100573|4241357000.0|4241357000.0|3890855000.0|6.04984881|700334000.0|15450032000.0|24.02308945|4478726000.0
2013-08-31|30394285000.0|30394285000.0|21010110000.0|9384175000.0|0.0|5317537000.0|4080688000.0|4080688000.0|14035000.0|4066653000.0|784775000.0|3281878000.0|0.0|3281878000.0|3281878000.0|0.0|5.08|5.08|4.93|645536995.0|713340470.0|1.62|3303128000.0|593028000.0|-1156215000.0|-352227000.0|-3065629000.0|54000.0|-2028540000.0|-1121738000.0|-89925000.0|-1008641000.0|16867049000.0|11844178000.0|5022871000.0|5631885000.0|5631885000.0|4865021000.0|1818586000.0|0.0|11439220000.0|8160990000.0|3278230000.0|25600000.0|25600000.0|961851000.0|5427829000.0|5427829000.0|10069844000.0|-1052746000.0|8.40823848|1.45131632|2.10751297|1.10503422|4673716000.0|4673716000.0|2950901000.0|4.57123453|1281188000.0|15048463000.0|23.31154235|3683188000.0
2014-08-31|31874678000.0|31874678000.0|22190212000.0|9684466000.0|0.0|5401969000.0|4080862000.0|4080862000.0|17621000.0|4063241000.0|1121743000.0|2941498000.0|0.0|2941498000.0|2941498000.0|0.0|4.64|4.64|4.52|634216250.0|692389966.0|1.86|3486085000.0|620743000.0|-1056411000.0|-316344000.0|-3165416000.0|543000.0|-2000937000.0|-1254916000.0|25162000.0|-710580000.0|17930452000.0|11904442000.0|6026010000.0|4921305000.0|4921305000.0|5691373000.0|2395894000.0|0.0|11645115000.0|8158079000.0|3487036000.0|26733000.0|26733000.0|1064228000.0|6285337000.0|6285337000.0|11758131000.0|-871948000.0|9.91040044|1.45922122|1.85274314|1.09172536|4701605000.0|4701605000.0|3169741000.0|4.99788676|2481907000.0|15534558000.0|24.49410276|3746363000.0
2015-08-31|32914424000.0|32914424000.0|23105185000.0|9809239000.0|0.0|5308988000.0|4204900000.0|4204900000.0|14578000.0|4190322000.0|1136741000.0|3053581000.0|0.0|3053581000.0|3053581000.0|0.0|4.87|4.87|4.76|626799586.0|678757070.0|2.04|4092137000.0|645923000.0|-1170384000.0|-389233000.0|-3202296000.0|701000.0|-1898840000.0|-1353471000.0|-279996000.0|-560539000.0|18202647000.0|10700074000.0|7502573000.0|4360766000.0|4360766000.0|5740925000.0|2929833000.0|0.0|11555076000.0|8491006000.0|3064070000.0|27435000.0|27435000.0|1151464000.0|6647571000.0|6647571000.0|13470008000.0|-1411972000.0|10.60557656|1.26016564|1.73824033|1.0828933|4850823000.0|4850823000.0|3702904000.0|5.90763632|2448477000.0|15272814000.0|24.36634347|2209068000.0
2016-08-31|34797661000.0|34797661000.0|24520234000.0|10277427000.0|0.0|5466982000.0|5382119000.0|5382119000.0|16258000.0|5365861000.0|1253969000.0|4111892000.0|0.0|4111892000.0|4111892000.0|0.0|6.58|6.58|6.45|624797820.0|667770274.0|2.2|4575115000.0|729052000.0|-610350000.0|-492346000.0|-3396933000.0|-1059000.0|-2013632000.0|-1438138000.0|-22989000.0|544843000.0|20609004000.0|11976222000.0|8632782000.0|4905609000.0|4905609000.0|6290544000.0|3609437000.0|0.0|12419628000.0|8878924000.0|3540704000.0|27230000.0|27230000.0|1280821000.0|8189376000.0|8189376000.0|7879960000.0|-1661720000.0|13.10724164|1.34883709|1.51655364|1.06877818|6111171000.0|6111171000.0|4082769000.0|6.53454425|3242264000.0|16999567000.0|27.2081087|3097298000.0
