Date|REVENUE|REVENUEUSD|COR|GP|RND|SGNA|EBIT|EBITUSD|INTEXP|EBT|TAXEXP|NETINC|PREFDIVIS|NETINCCMN|NETINCCMNUSD|NETINCDIS|EPS|EPSUSD|EPSDIL|SHARESWA|SHARESWADIL|DPS|NCFO|DEPAMOR|NCFI|CAPEX|NCFF|NCFDEBT|NCFCOMMON|NCFDIV|NCFX|NCF|ASSETS|ASSETSC|ASSETSNC|CASHNEQ|CASHNEQUSD|RECEIVABLES|INTANGIBLES|INVENTORY|LIABILITIES|LIABILITIESC|LIABILITIESNC|DEBT|DEBTUSD|PAYABLES|EQUITY|EQUITYUSD|RETEARN|ACCOCI|BVPS|CURRENTRATIO|DE|DILUTIONRATIO|EBITDA|EBITDAUSD|FCF|FCFPS|INVCAP|TANGIBLES|TBVPS|WORKINGCAPITAL
2009-06-30|1520216000.0|1520216000.0|864824000.0|655392000.0|371463000.0|415126000.0|-547192000.0|-547192000.0|55339000.0|-602531000.0|-79163000.0|-523368000.0|0.0|-523368000.0|-523368000.0|0.0|-3.07|-3.07|-3.07|170253000.0|170253000.0|0.6|195684000.0|135848000.0|-484900000.0|-22226000.0|-299117000.0|0.0|-186407000.0|-102149000.0|-14806000.0|-603139000.0|3609538000.0|2398617000.0|1210921000.0|524967000.0|524967000.0|210143000.0|478459000.0|370206000.0|1425146000.0|546982000.0|878164000.0|745204000.0|745204000.0|63485000.0|2184392000.0|2184392000.0|1370132000.0|-21217000.0|12.83027024|4.38518452|0.65242228|1.0|-411344000.0|-411344000.0|173458000.0|1.01882493|2804334000.0|3131079000.0|18.39074201|1851635000.0
2010-06-30|1820760000.0|1820760000.0|815662000.0|1005098000.0|329560000.0|361372000.0|345698000.0|345698000.0|54517000.0|291181000.0|78881000.0|212300000.0|0.0|212300000.0|212300000.0|0.0|1.24|1.24|1.23|170652000.0|173034000.0|0.6|447800000.0|87348000.0|-227964000.0|-30202000.0|-216331000.0|0.0|-100408000.0|-102409000.0|1446000.0|4951000.0|3907056000.0|2835465000.0|1071591000.0|529918000.0|529918000.0|440125000.0|445342000.0|401730000.0|1660445000.0|771787000.0|888658000.0|745747000.0|745747000.0|107938000.0|2246611000.0|2246611000.0|1356454000.0|-31303000.0|13.16486768|3.67389578|0.73908879|1.01395823|433046000.0|433046000.0|417598000.0|2.44707358|2905756000.0|3461714000.0|20.28522373|2063678000.0
2011-06-30|3175167000.0|3175167000.0|1259243000.0|1915924000.0|386163000.0|369431000.0|1164394000.0|1164394000.0|54328000.0|1110066000.0|315578000.0|794488000.0|0.0|794488000.0|794488000.0|0.0|4.75|4.75|4.66|167261000.0|170352000.0|1.0|823166000.0|86044000.0|-359510000.0|-51151000.0|-300155000.0|0.0|-110271000.0|-167398000.0|17910000.0|181411000.0|4675521000.0|3676010000.0|999511000.0|711329000.0|711329000.0|583270000.0|414058000.0|575730000.0|1814628000.0|878861000.0|935767000.0|746290000.0|746290000.0|142945000.0|2860893000.0|2860893000.0|1852633000.0|-2399000.0|17.10436384|4.18269783|0.63428727|1.0184801|1250438000.0|1250438000.0|772015000.0|4.61563066|3417563000.0|4261463000.0|25.47792372|2797149000.0
2012-06-30|3171944000.0|3171944000.0|1330016000.0|1841928000.0|452937000.0|372666000.0|1028291000.0|1028291000.0|54197000.0|974094000.0|218079000.0|756015000.0|0.0|756015000.0|756015000.0|0.0|4.53|4.53|4.44|166795000.0|170147000.0|1.4|941617000.0|92133000.0|-528891000.0|-57596000.0|-364103000.0|0.0|-100295000.0|-233561000.0|-8658000.0|39965000.0|5100308000.0|4164043000.0|936265000.0|751294000.0|751294000.0|701280000.0|383352000.0|650802000.0|1784713000.0|862907000.0|921806000.0|746833000.0|746833000.0|139183000.0|3315595000.0|3315595000.0|2247258000.0|-21143000.0|19.87826374|4.82559882|0.53827835|1.02009653|1120424000.0|1120424000.0|884021000.0|5.30004497|3849588000.0|4716956000.0|28.27996043|3301136000.0
2013-06-30|2842781000.0|2842781000.0|1237452000.0|1605329000.0|487832000.0|387812000.0|744797000.0|744797000.0|54176000.0|690621000.0|147472000.0|543149000.0|0.0|543149000.0|543149000.0|0.0|3.27|3.27|3.21|166089000.0|169260000.0|1.6|913188000.0|87534000.0|-241447000.0|-74573000.0|-428510000.0|0.0|-147133000.0|-265893000.0|-9135000.0|234096000.0|5287357000.0|4351503000.0|935854000.0|985390000.0|985390000.0|524610000.0|361150000.0|634448000.0|1805205000.0|861532000.0|943673000.0|747376000.0|747376000.0|115680000.0|3482152000.0|3482152000.0|2359233000.0|-36646000.0|20.9655787|5.05088958|0.51841648|1.01909217|832331000.0|832331000.0|838615000.0|5.04919049|3826661000.0|4926207000.0|29.66004371|3489971000.0
2014-06-30|2929408000.0|2929408000.0|1232962000.0|1696446000.0|539469000.0|384907000.0|788273000.0|788273000.0|53812000.0|734461000.0|151706000.0|582755000.0|0.0|582755000.0|582755000.0|0.0|3.51|3.51|3.47|166016000.0|168118000.0|1.8|778886000.0|83072000.0|-676109000.0|-67502000.0|-458887000.0|0.0|-128622000.0|-298871000.0|1581000.0|-354529000.0|5535846000.0|4586095000.0|949751000.0|630861000.0|630861000.0|492863000.0|363052000.0|656457000.0|1866500000.0|895611000.0|970889000.0|745101000.0|745101000.0|103422000.0|3669346000.0|3669346000.0|2479113000.0|-30271000.0|22.10236363|5.12063273|0.50867375|1.01266143|871345000.0|871345000.0|711384000.0|4.28503277|4391423000.0|5172794000.0|31.15840642|3690484000.0
2015-06-30|2814049000.0|2814049000.0|1215229000.0|1598820000.0|530616000.0|406864000.0|540140000.0|540140000.0|106009000.0|434131000.0|67973000.0|366158000.0|0.0|366158000.0|366158000.0|0.0|2.26|2.26|2.24|162282000.0|163701000.0|18.5|605906000.0|80536000.0|918221000.0|-45791000.0|-1302972000.0|2308789000.0|-555880000.0|-3041055000.0|-13991000.0|207164000.0|4826012000.0|3904576000.0|921436000.0|838025000.0|838025000.0|585494000.0|347158000.0|617904000.0|4404573000.0|1001763000.0|3402810000.0|3190416000.0|3190416000.0|103342000.0|421439000.0|421439000.0|-12362000.0|-40573000.0|2.59695468|3.89770435|10.45127053|1.00874404|620676000.0|620676000.0|560115000.0|3.45149185|5829482000.0|4478854000.0|27.59920386|2902813000.0
2016-06-30|2984493000.0|2984493000.0|1163391000.0|1821102000.0|481258000.0|379399000.0|981079000.0|981079000.0|122887000.0|858192000.0|153770000.0|704422000.0|0.0|704422000.0|704422000.0|0.0|4.52|4.52|4.49|155869000.0|156779000.0|2.08|759696000.0|66932000.0|144687000.0|-31741000.0|-636702000.0|-135000000.0|-143413000.0|-346283000.0|2782000.0|270463000.0|4962432000.0|3868032000.0|1094400000.0|1108488000.0|1108488000.0|613233000.0|339508000.0|698635000.0|4273318000.0|1002423000.0|3270895000.0|3057936000.0|3057936000.0|106517000.0|689114000.0|689114000.0|284825000.0|-48685000.0|4.42111003|3.85868241|6.20117716|1.00583824|1048011000.0|1048011000.0|727955000.0|4.67030006|5569949000.0|4622924000.0|29.65903419|2865609000.0
