Date|REVENUE|REVENUEUSD|COR|GP|RND|SGNA|EBIT|EBITUSD|INTEXP|EBT|TAXEXP|NETINC|PREFDIVIS|NETINCCMN|NETINCCMNUSD|NETINCDIS|EPS|EPSUSD|EPSDIL|SHARESWA|SHARESWADIL|DPS|NCFO|DEPAMOR|NCFI|CAPEX|NCFF|NCFDEBT|NCFCOMMON|NCFDIV|NCFX|NCF|ASSETS|ASSETSC|ASSETSNC|CASHNEQ|CASHNEQUSD|RECEIVABLES|INTANGIBLES|INVENTORY|LIABILITIES|LIABILITIESC|LIABILITIESNC|DEBT|DEBTUSD|PAYABLES|EQUITY|EQUITYUSD|RETEARN|ACCOCI|BVPS|CURRENTRATIO|DE|DILUTIONRATIO|EBITDA|EBITDAUSD|FCF|FCFPS|INVCAP|TANGIBLES|TBVPS|WORKINGCAPITAL
2009-06-30|263956000.0|263956000.0|55923000.0|208033000.0|23564000.0|33689000.0|155363000.0|155363000.0|0.0|155363000.0|50121000.0|105242000.0|0.0|105242000.0|105242000.0|0.0|2.78|2.78|2.78|37802000.0|37900000.0|0.75|111321000.0|7766000.0|21278000.0|-6556000.0|-119444000.0|0.0|-91357000.0|-28194000.0|-19207000.0|-6052000.0||||||||||||||||||||||1.00259246|163129000.0|163129000.0|104765000.0|2.77141421||||
2010-06-30|269047000.0|269047000.0|54898000.0|214149000.0|25121000.0|32700000.0|156446000.0|156446000.0|0.0|156446000.0|46670000.0|109776000.0|0.0|109776000.0|109776000.0|0.0|2.95|2.95|2.94|37255000.0|37347000.0|1.03|111260000.0|8130000.0|-114615000.0|-4644000.0|-50511000.0|0.0|-12319000.0|-38388000.0|-12935000.0|-66801000.0|518816000.0|201040000.0|317776000.0|94139000.0|94139000.0|32382000.0|27112000.0|13737000.0|17024000.0|17024000.0|0.0|0.0|0.0|9607000.0|501792000.0|501792000.0|400119000.0|-21234000.0|13.46911824|11.80921053|0.03392641|1.00246947|164576000.0|164576000.0|106616000.0|2.86179036|380541000.0|491704000.0|13.19833579|184016000.0
2011-06-30|289962000.0|289962000.0|65025000.0|224937000.0|25985000.0|35897000.0|164981000.0|164981000.0|0.0|164981000.0|52679000.0|112302000.0|0.0|112302000.0|112302000.0|0.0|3.03|3.03|3.02|37098000.0|37172000.0|1.07|127194000.0|8700000.0|-114185000.0|-3630000.0|-36288000.0|0.0|2556000.0|-39691000.0|6753000.0|-16526000.0|617670000.0|230417000.0|387253000.0|77613000.0|77613000.0|37860000.0|138915000.0|44906000.0|31548000.0|18188000.0|13360000.0|0.0|0.0|5207000.0|586122000.0|586122000.0|472730000.0|-16291000.0|15.79928837|12.66862767|0.05382497|1.00199472|173681000.0|173681000.0|123564000.0|3.33074559|382954000.0|478755000.0|12.90514313|212229000.0
2012-06-30|314560000.0|314560000.0|78756000.0|235804000.0|27912000.0|41683000.0|162195000.0|162195000.0|0.0|162195000.0|49864000.0|112331000.0|0.0|112331000.0|112331000.0|0.0|3.04|3.04|3.04|36939000.0|37006000.0|1.11|126746000.0|12467000.0|-21668000.0|-6017000.0|-64625000.0|0.0|-23658000.0|-41018000.0|-1391000.0|39062000.0|719324000.0|346507000.0|372817000.0|116675000.0|116675000.0|37741000.0|132158000.0|38277000.0|44882000.0|35750000.0|9132000.0|0.0|0.0|6291000.0|674442000.0|674442000.0|520448000.0|21775000.0|18.25826362|9.6925035|0.06654686|1.0018138|174662000.0|174662000.0|120729000.0|3.26833428|434741000.0|587166000.0|15.89555754|310757000.0
2013-06-30|310575000.0|310575000.0|79465000.0|231110000.0|29257000.0|43384000.0|160662000.0|160662000.0|0.0|160662000.0|48101000.0|112561000.0|0.0|112561000.0|112561000.0|0.0|3.06|3.06|3.05|36836000.0|36900000.0|1.18|123562000.0|12321000.0|-31204000.0|-22454000.0|-44677000.0|0.0|-1289000.0|-43463000.0|-570000.0|47111000.0|778098000.0|409516000.0|368582000.0|163786000.0|163786000.0|40175000.0|124888000.0|34877000.0|40557000.0|32084000.0|8473000.0|0.0|0.0|6236000.0|737541000.0|737541000.0|587725000.0|14553000.0|20.02228798|12.76386984|0.05498949|1.00173743|172983000.0|172983000.0|101108000.0|2.74481486|457340000.0|653210000.0|17.73292431|377432000.0
2014-06-30|357763000.0|357763000.0|106352000.0|251411000.0|30945000.0|60716000.0|161392000.0|161392000.0|0.0|161392000.0|50444000.0|110948000.0|0.0|110948000.0|110948000.0|0.0|3.01|3.01|3.0|36890000.0|37005000.0|1.23|136762000.0|19175000.0|49688000.0|-13821000.0|-36806000.0|0.0|8326000.0|-45394000.0|5138000.0|154782000.0|862491000.0|469413000.0|393078000.0|318568000.0|318568000.0|55001000.0|260249000.0|38847000.0|67226000.0|26391000.0|40835000.0|12946000.0|12946000.0|9652000.0|795265000.0|795265000.0|653279000.0|-5388000.0|21.55773922|17.78685916|0.08453283|1.00311738|180567000.0|180567000.0|122941000.0|3.33263757|270229000.0|602242000.0|16.32534562|443022000.0
2015-06-30|452246000.0|452246000.0|144969000.0|307277000.0|40853000.0|119401000.0|155706000.0|155706000.0|1544000.0|154162000.0|46427000.0|107735000.0|0.0|107735000.0|107735000.0|0.0|2.9|2.9|2.89|37096000.0|37231000.0|1.27|139359000.0|37226000.0|-426493000.0|-19905000.0|-31276000.0|68036000.0|9731000.0|-47107000.0|-8178000.0|-264036000.0|1063360000.0|248283000.0|815077000.0|54532000.0|54532000.0|70034000.0|683477000.0|49577000.0|216425000.0|39768000.0|176657000.0|77024000.0|77024000.0|52467000.0|846935000.0|846935000.0|713851000.0|-30593000.0|22.83089821|6.24328606|0.25553909|1.00363921|192932000.0|192932000.0|119454000.0|3.22013155|362607000.0|379883000.0|10.24053806|208515000.0
2016-06-30|499023000.0|499023000.0|162364000.0|336659000.0|45187000.0|140879000.0|149229000.0|149229000.0|1748000.0|147481000.0|43005000.0|104476000.0|0.0|104476000.0|104476000.0|0.0|2.81|2.81|2.8|37194000.0|37326000.0|1.28|143870000.0|42764000.0|-107570000.0|-16898000.0|-23083000.0|18500000.0|5458000.0|-47607000.0|-3512000.0|9705000.0|1129581000.0|253891000.0|875690000.0|64237000.0|64237000.0|93393000.0|741406000.0|57102000.0|250301000.0|54147000.0|196154000.0|133759000.0|133759000.0|20653000.0|879280000.0|879280000.0|770553000.0|-70405000.0|23.6403721|4.6889209|0.28466586|1.00354896|191993000.0|191993000.0|126972000.0|3.41377642|403550000.0|388175000.0|10.43649513|199744000.0
