Date|REVENUE|REVENUEUSD|COR|GP|RND|SGNA|EBIT|EBITUSD|INTEXP|EBT|TAXEXP|NETINC|PREFDIVIS|NETINCCMN|NETINCCMNUSD|NETINCDIS|EPS|EPSUSD|EPSDIL|SHARESWA|SHARESWADIL|DPS|NCFO|DEPAMOR|NCFI|CAPEX|NCFF|NCFDEBT|NCFCOMMON|NCFDIV|NCFX|NCF|ASSETS|ASSETSC|ASSETSNC|CASHNEQ|CASHNEQUSD|RECEIVABLES|INTANGIBLES|INVENTORY|LIABILITIES|LIABILITIESC|LIABILITIESNC|DEBT|DEBTUSD|PAYABLES|EQUITY|EQUITYUSD|RETEARN|ACCOCI|BVPS|CURRENTRATIO|DE|DILUTIONRATIO|EBITDA|EBITDAUSD|FCF|FCFPS|INVCAP|TANGIBLES|TBVPS|WORKINGCAPITAL
2009-09-30|20102000000.0|20102000000.0|12542000000.0|7560000000.0|0.0|4416000000.0|2632000000.0|2632000000.0|220000000.0|2412000000.0|688000000.0|1724000000.0|0.0|1724000000.0|1724000000.0|0.0|2.29|2.29|2.27|751589725.0||1.32|3086000000.0|727000000.0|-1309000000.0|-531000000.0|-1948000000.0|-116000000.0|-718000000.0|-998000000.0|-46000000.0|-217000000.0|19763000000.0|7653000000.0|12110000000.0|1560000000.0|1560000000.0|3623000000.0|8222000000.0|1855000000.0|11057000000.0|4956000000.0|6101000000.0|4575000000.0|4575000000.0|1949000000.0|8555000000.0|8555000000.0|14714000000.0|-496000000.0|11.38253986|1.54418886|1.29246055||3359000000.0|3359000000.0|2555000000.0|3.39946106|9600000000.0|11541000000.0|15.35545207|2697000000.0
2010-09-30|21039000000.0|21039000000.0|12713000000.0|8326000000.0|0.0|4817000000.0|3273000000.0|3273000000.0|261000000.0|3012000000.0|848000000.0|2164000000.0|0.0|2164000000.0|2164000000.0|0.0|2.87|2.87|2.84|752408780.0||1.34|3292000000.0|816000000.0|-2517000000.0|-524000000.0|-726000000.0|316000000.0|-100000000.0|-1009000000.0|-17000000.0|32000000.0|22843000000.0|8363000000.0|14480000000.0|1592000000.0|1592000000.0|3989000000.0|10806000000.0|2105000000.0|12891000000.0|5849000000.0|7042000000.0|5066000000.0|5066000000.0|2409000000.0|9792000000.0|9792000000.0|15869000000.0|-426000000.0|13.0142022|1.42981706|1.31648284||4089000000.0|4089000000.0|2768000000.0|3.67885128|9662000000.0|12037000000.0|15.9979526|2514000000.0
2011-09-30|24222000000.0|24222000000.0|14665000000.0|9557000000.0|0.0|5328000000.0|3830000000.0|3830000000.0|223000000.0|3607000000.0|1127000000.0|2480000000.0|0.0|2480000000.0|2480000000.0|0.0|3.29|3.29|3.27|744704773.0||1.38|3233000000.0|867000000.0|-848000000.0|-647000000.0|-1887000000.0|129000000.0|-935000000.0|-1039000000.0|-38000000.0|460000000.0|23861000000.0|9345000000.0|14516000000.0|2052000000.0|2052000000.0|4502000000.0|10740000000.0|2100000000.0|13310000000.0|6465000000.0|6845000000.0|5201000000.0|5201000000.0|2677000000.0|10399000000.0|10399000000.0|17310000000.0|-562000000.0|13.96392286|1.44547564|1.27993076||4697000000.0|4697000000.0|2586000000.0|3.47251702|9805000000.0|13121000000.0|17.61906258|2880000000.0
2012-09-30|24412000000.0|24412000000.0|14644000000.0|9768000000.0|0.0|5436000000.0|3283000000.0|3283000000.0|224000000.0|3059000000.0|1091000000.0|1968000000.0|0.0|1968000000.0|1968000000.0|0.0|2.68|2.68|2.67|727323739.0||1.6|3053000000.0|823000000.0|-806000000.0|-665000000.0|-1899000000.0|90000000.0|-797000000.0|-1171000000.0|-33000000.0|315000000.0|23818000000.0|10126000000.0|13692000000.0|2367000000.0|2367000000.0|4983000000.0|9864000000.0|2125000000.0|13376000000.0|7133000000.0|6243000000.0|5293000000.0|5293000000.0|2767000000.0|10295000000.0|10295000000.0|18107000000.0|-731000000.0|14.15463218|1.41959905|1.29927149||4106000000.0|4106000000.0|2388000000.0|3.28326971|9747000000.0|13954000000.0|19.18540431|2993000000.0
2013-09-30|24669000000.0|24669000000.0|14717000000.0|9952000000.0|0.0|5648000000.0|3352000000.0|3352000000.0|218000000.0|3134000000.0|1130000000.0|2004000000.0|0.0|2004000000.0|2004000000.0|0.0|2.78|2.78|2.76|714531444.0||1.64|3649000000.0|819000000.0|-789000000.0|-678000000.0|-1933000000.0|349000000.0|-1110000000.0|-1181000000.0|-19000000.0|908000000.0|24711000000.0|10999000000.0|13712000000.0|3275000000.0|3275000000.0|4808000000.0|9181000000.0|1895000000.0|13993000000.0|7625000000.0|6368000000.0|5642000000.0|5642000000.0|2725000000.0|10585000000.0|10585000000.0|18930000000.0|-189000000.0|14.8139037|1.4424918|1.32196504||4171000000.0|4171000000.0|2971000000.0|4.15796957|10272000000.0|15530000000.0|21.73452285|3374000000.0
2014-09-30|17733000000.0|17733000000.0|9971000000.0|7762000000.0|0.0|4164000000.0|3296000000.0|3296000000.0|196000000.0|3100000000.0|953000000.0|2147000000.0|0.0|2147000000.0|2147000000.0|0.0|3.05|3.05|3.03|697915249.0||1.72|3692000000.0|569000000.0|-1159000000.0|-651000000.0|-2559000000.0|294000000.0|-1048000000.0|-1210000000.0|-100000000.0|-126000000.0|24177000000.0|10867000000.0|13310000000.0|3149000000.0|3149000000.0|5019000000.0|8871000000.0|2057000000.0|14010000000.0|8454000000.0|5556000000.0|6024000000.0|6024000000.0|2951000000.0|10119000000.0|10119000000.0|19867000000.0|-575000000.0|14.49889512|1.28542702|1.38452416||3865000000.0|3865000000.0|3041000000.0|4.35726258|9727000000.0|15306000000.0|21.93102962|2413000000.0
2015-09-30|16249000000.0|16249000000.0|9241000000.0|7008000000.0|0.0|3735000000.0|4152000000.0|4152000000.0|175000000.0|3977000000.0|1267000000.0|2710000000.0|0.0|2710000000.0|2710000000.0|0.0|4.01|4.01|3.99|657140239.0||1.88|2529000000.0|573000000.0|591000000.0|-588000000.0|-2948000000.0|841000000.0|-2501000000.0|-1269000000.0|-267000000.0|-95000000.0|22088000000.0|10049000000.0|12039000000.0|3054000000.0|3054000000.0|2870000000.0|4785000000.0|1265000000.0|13960000000.0|7800000000.0|6160000000.0|6841000000.0|6841000000.0|1537000000.0|8081000000.0|8081000000.0|21308000000.0|-1617000000.0|12.29722291|1.28833333|1.72750897||4725000000.0|4725000000.0|1941000000.0|2.95370742|13290000000.0|17303000000.0|26.33075708|2249000000.0
2016-09-30|14522000000.0|14522000000.0|8260000000.0|6262000000.0|0.0|3464000000.0|2520000000.0|2520000000.0|188000000.0|2332000000.0|697000000.0|1635000000.0|0.0|1635000000.0|1635000000.0|0.0|2.53|2.53|2.52|643537433.0||1.9|2881000000.0|568000000.0|-626000000.0|-447000000.0|-2045000000.0|-198000000.0|-601000000.0|-1227000000.0|-82000000.0|128000000.0|21743000000.0|9960000000.0|11783000000.0|3182000000.0|3182000000.0|2701000000.0|4811000000.0|1208000000.0|14125000000.0|8008000000.0|6117000000.0|6646000000.0|6646000000.0|1517000000.0|7568000000.0|7568000000.0|21716000000.0|-1999000000.0|11.75999967|1.24375624|1.86641121||3088000000.0|3088000000.0|2434000000.0|3.78221977|12388000000.0|16932000000.0|26.31082379|1952000000.0
