Date|REVENUE|REVENUEUSD|COR|GP|RND|SGNA|EBIT|EBITUSD|INTEXP|EBT|TAXEXP|NETINC|PREFDIVIS|NETINCCMN|NETINCCMNUSD|NETINCDIS|EPS|EPSUSD|EPSDIL|SHARESWA|SHARESWADIL|DPS|NCFO|DEPAMOR|NCFI|CAPEX|NCFF|NCFDEBT|NCFCOMMON|NCFDIV|NCFX|NCF|ASSETS|ASSETSC|ASSETSNC|CASHNEQ|CASHNEQUSD|RECEIVABLES|INTANGIBLES|INVENTORY|LIABILITIES|LIABILITIESC|LIABILITIESNC|DEBT|DEBTUSD|PAYABLES|EQUITY|EQUITYUSD|RETEARN|ACCOCI|BVPS|CURRENTRATIO|DE|DILUTIONRATIO|EBITDA|EBITDAUSD|FCF|FCFPS|INVCAP|TANGIBLES|TBVPS|WORKINGCAPITAL
2009-06-30|674277000.0|674277000.0|326935000.0|347342000.0|0.0|353112000.0|-69416000.0|-69416000.0|11764000.0|-81180000.0|-28493000.0|-52687000.0|0.0|-52687000.0|-52687000.0|0.0|-1.83|-1.83|-1.83|28814000.0|28814000.0|0.82|21933000.0|25635000.0|-17526000.0|-16153000.0|-25036000.0|-1421000.0|2000.0|-23617000.0|-787000.0|-21416000.0|646485000.0|251702000.0|394783000.0|52960000.0|52960000.0|13086000.0|45128000.0|156519000.0|340562000.0|112463000.0|228099000.0|203148000.0|203148000.0|22199000.0|305923000.0|305923000.0|531747000.0|467000.0|10.61716527|2.23808719|1.11322784|1.0|-43781000.0|-43781000.0|5780000.0|0.20059693|639082000.0|601357000.0|20.8703061|139239000.0
2010-06-30|590054000.0|590054000.0|309777000.0|280277000.0|0.0|289575000.0|-6863000.0|-6863000.0|11924000.0|-18787000.0|25529000.0|-44316000.0|0.0|-44316000.0|-44316000.0|0.0|-1.53|-1.53|-1.53|28982000.0|28982000.0|0.2|51331000.0|29398000.0|-25091000.0|3276000.0|-6041000.0|-42000.0|0.0|-5801000.0|693000.0|20892000.0|631777000.0|259692000.0|372085000.0|91170000.0|91170000.0|17105000.0|45128000.0|134040000.0|373318000.0|145742000.0|227576000.0|203267000.0|203267000.0|23952000.0|258459000.0|258459000.0|479341000.0|1244000.0|8.91791457|1.7818611|1.44439931|1.0|22535000.0|22535000.0|54607000.0|1.88416948|553004000.0|586649000.0|20.24183976|113950000.0
2011-06-30|678960000.0|678960000.0|329500000.0|349460000.0|0.0|317527000.0|37497000.0|37497000.0|11126000.0|26371000.0|-2879000.0|29250000.0|0.0|29250000.0|29250000.0|0.0|1.02|1.02|1.01|28758000.0|28966000.0|0.2|63162000.0|20816000.0|-9643000.0|-5898000.0|-49079000.0|-37887000.0|-5377000.0|-5754000.0|227000.0|4667000.0|628325000.0|268528000.0|359797000.0|94910000.0|94910000.0|15036000.0|45128000.0|141692000.0|346638000.0|154616000.0|192022000.0|165032000.0|165032000.0|26958000.0|281687000.0|281687000.0|501908000.0|2258000.0|9.79508311|1.73674135|1.23057862|1.00723277|58313000.0|58313000.0|57264000.0|1.99123722|498703000.0|583197000.0|20.27947006|113912000.0
2012-06-30|729373000.0|729373000.0|339085000.0|390288000.0|0.0|340591000.0|50259000.0|50259000.0|9020000.0|41239000.0|-8455000.0|49694000.0|0.0|49694000.0|49694000.0|0.0|1.72|1.72|1.71|28824000.0|29109000.0|0.28|37701000.0|18581000.0|-16157000.0|-21011000.0|-20878000.0|-12204000.0|-1350000.0|-8062000.0|536000.0|1202000.0|644788000.0|282792000.0|361996000.0|95137000.0|95137000.0|14919000.0|45128000.0|155739000.0|322920000.0|151077000.0|171843000.0|154500000.0|154500000.0|27315000.0|321868000.0|321868000.0|542918000.0|1141000.0|11.16666667|1.87184019|1.00326842|1.00988759|68840000.0|68840000.0|16690000.0|0.57903136|507946000.0|599660000.0|20.80419095|131715000.0
2013-06-30|729083000.0|729083000.0|330734000.0|398349000.0|0.0|337912000.0|58952000.0|58952000.0|8778000.0|50174000.0|17696000.0|32478000.0|0.0|32478000.0|32478000.0|0.0|1.13|1.13|1.11|28864000.0|29239000.0|1.27|61301000.0|18008000.0|-21601000.0|-15722000.0|-46566000.0|-26104000.0|0.0|-22220000.0|-254000.0|-7120000.0|617285000.0|260570000.0|356715000.0|88034000.0|88034000.0|12277000.0|45128000.0|137256000.0|282928000.0|132939000.0|149989000.0|131289000.0|131289000.0|22995000.0|334357000.0|334357000.0|553083000.0|684000.0|11.58387611|1.96007191|0.84618536|1.01299196|76960000.0|76960000.0|45579000.0|1.57909507|482473000.0|572157000.0|19.82251247|127631000.0
2014-06-30|746659000.0|746659000.0|340163000.0|406496000.0|0.0|336860000.0|69912000.0|69912000.0|7510000.0|62402000.0|19471000.0|42931000.0|0.0|42931000.0|42931000.0|0.0|1.48|1.48|1.47|28918000.0|29276000.0|0.39|59889000.0|17930000.0|-12058000.0|-15924000.0|-11252000.0|-480000.0|0.0|-11297000.0|-4000.0|36575000.0|654434000.0|305629000.0|348805000.0|117683000.0|117683000.0|12426000.0|45128000.0|146275000.0|286967000.0|136047000.0|150920000.0|130912000.0|130912000.0|24320000.0|367467000.0|367467000.0|584395000.0|642000.0|12.70720658|2.2464957|0.78093271|1.01237983|87842000.0|87842000.0|43965000.0|1.52033336|486488000.0|609306000.0|21.07012933|169582000.0
2015-06-30|754600000.0|754600000.0|343437000.0|411163000.0|0.0|345229000.0|62601000.0|62601000.0|5918000.0|56683000.0|19541000.0|37142000.0|0.0|37142000.0|37142000.0|0.0|1.29|1.29|1.27|28874000.0|29182000.0|0.46|55106000.0|19142000.0|3428000.0|-10684000.0|-90963000.0|-58710000.0|-17552000.0|-13348000.0|-565000.0|-32994000.0|605977000.0|270674000.0|335303000.0|84192000.0|84192000.0|12547000.0|45128000.0|151916000.0|235442000.0|140662000.0|94780000.0|76237000.0|76237000.0|18946000.0|370535000.0|370535000.0|607079000.0|-2638000.0|12.83282538|1.92428659|0.63541096|1.01066704|81743000.0|81743000.0|44422000.0|1.53847752|412232000.0|560849000.0|19.42401468|130012000.0
2016-06-30|794202000.0|794202000.0|351966000.0|442236000.0|0.0|353057000.0|89574000.0|89574000.0|1618000.0|87956000.0|31319000.0|56637000.0|0.0|56637000.0|56637000.0|0.0|2.02|2.02|2.0|28072000.0|28324000.0|0.59|58369000.0|19353000.0|-12526000.0|-14894000.0|-69114000.0|-34840000.0|-19346000.0|-16646000.0|-252000.0|-23523000.0|577409000.0|248204000.0|329205000.0|60479000.0|60479000.0|9467000.0|45128000.0|162323000.0|185207000.0|123347000.0|61860000.0|41838000.0|41838000.0|15437000.0|392202000.0|392202000.0|646315000.0|-4846000.0|13.97128812|2.01224189|0.4722235|1.00897692|108927000.0|108927000.0|43475000.0|1.54869621|390293000.0|532281000.0|18.96127814|124857000.0
