Date|REVENUE|REVENUEUSD|COR|GP|RND|SGNA|EBIT|EBITUSD|INTEXP|EBT|TAXEXP|NETINC|PREFDIVIS|NETINCCMN|NETINCCMNUSD|NETINCDIS|EPS|EPSUSD|EPSDIL|SHARESWA|SHARESWADIL|DPS|NCFO|DEPAMOR|NCFI|CAPEX|NCFF|NCFDEBT|NCFCOMMON|NCFDIV|NCFX|NCF|ASSETS|ASSETSC|ASSETSNC|CASHNEQ|CASHNEQUSD|RECEIVABLES|INTANGIBLES|INVENTORY|LIABILITIES|LIABILITIESC|LIABILITIESNC|DEBT|DEBTUSD|PAYABLES|EQUITY|EQUITYUSD|RETEARN|ACCOCI|BVPS|CURRENTRATIO|DE|DILUTIONRATIO|EBITDA|EBITDAUSD|FCF|FCFPS|INVCAP|TANGIBLES|TBVPS|WORKINGCAPITAL
2009-09-30|630735000.0|630735000.0|206448000.0|424287000.0|73626000.0|209319000.0|122688000.0|122688000.0|25481000.0|97207000.0|32105000.0|65102000.0|0.0|65102000.0|65102000.0|363000.0|1.34|1.34|1.33|48658000.0|48776000.0|0.08|151633000.0|38419000.0|-81947000.0|-13958000.0|-18818000.0|0.0|-15211000.0|-3887000.0|-2389000.0|48479000.0|1303888000.0|442558000.0|861330000.0|178157000.0|178157000.0|101742000.0|705895000.0|0.0|703619000.0|114588000.0|589031000.0|570000000.0|570000000.0|8593000.0|600269000.0|600269000.0|886324000.0|-17429000.0|12.33649143|3.86216707|1.17217281|1.00242509|161107000.0|161107000.0|137675000.0|2.82944223|875248000.0|597993000.0|12.28971598|327970000.0
2010-09-30|605643000.0|605643000.0|180932000.0|424711000.0|73581000.0|225263000.0|116428000.0|116428000.0|24124000.0|92304000.0|27847000.0|64457000.0|0.0|64457000.0|64457000.0|0.0|1.44|1.44|1.42|44903000.0|45308000.0|0.08|105780000.0|30918000.0|110637000.0|-17403000.0|-248473000.0|-51343000.0|-194709000.0|-3579000.0|98000.0|-31958000.0|1123716000.0|347175000.0|776541000.0|146199000.0|146199000.0|113187000.0|693197000.0|0.0|648802000.0|122147000.0|526655000.0|520000000.0|520000000.0|8765000.0|474914000.0|474914000.0|947202000.0|-19678000.0|10.57644255|2.84227202|1.36614629|1.00901944|147346000.0|147346000.0|88377000.0|1.96817585|682173000.0|430519000.0|9.58775583|225028000.0
2011-09-30|619683000.0|619683000.0|186470000.0|433213000.0|62129000.0|223615000.0|129819000.0|129819000.0|32364000.0|97455000.0|25893000.0|71562000.0|0.0|71562000.0|71562000.0|0.0|1.82|1.82|1.79|39359000.0|39988000.0|0.08|136156000.0|24197000.0|-51701000.0|-14020000.0|-94021000.0|-8736000.0|-83809000.0|-3140000.0|-881000.0|-10447000.0|1129468000.0|364481000.0|764987000.0|135752000.0|135752000.0|104974000.0|684186000.0|0.0|663974000.0|146498000.0|517476000.0|512000000.0|512000000.0|11139000.0|465494000.0|465494000.0|1015624000.0|-21709000.0|11.82687568|2.48795888|1.42638573|1.0159811|154016000.0|154016000.0|122136000.0|3.10312762|675032000.0|445282000.0|11.31334638|217983000.0
2012-09-30|676423000.0|676423000.0|197947000.0|478476000.0|59527000.0|238522000.0|167660000.0|167660000.0|31417000.0|136243000.0|44239000.0|92004000.0|0.0|92004000.0|92004000.0|0.0|2.64|2.64|2.55|34909000.0|36063000.0|0.08|129746000.0|21549000.0|-65670000.0|-25483000.0|-128453000.0|-13466000.0|-120263000.0|-2803000.0|234000.0|-64143000.0|1158611000.0|259325000.0|899286000.0|71609000.0|71609000.0|142595000.0|809803000.0|0.0|684205000.0|209605000.0|474600000.0|504000000.0|504000000.0|18958000.0|474406000.0|474406000.0|1104825000.0|-15808000.0|13.5897906|1.23720808|1.44223513|1.03305738|189209000.0|189209000.0|104263000.0|2.9867083|571594000.0|348808000.0|9.99192185|49720000.0
2013-09-30|743444000.0|743444000.0|229468000.0|513976000.0|66967000.0|268395000.0|162211000.0|162211000.0|30227000.0|131984000.0|41889000.0|90095000.0|0.0|90095000.0|90095000.0|0.0|2.55|2.55|2.48|35332000.0|36292000.0|0.08|136120000.0|33214000.0|-34971000.0|-24147000.0|-86634000.0|-37676000.0|-42645000.0|-2824000.0|-2946000.0|11569000.0|1161547000.0|249188000.0|912359000.0|83178000.0|83178000.0|143733000.0|831292000.0|0.0|630870000.0|165880000.0|464990000.0|470000000.0|470000000.0|19216000.0|530677000.0|530677000.0|1192096000.0|-20908000.0|15.01972716|1.50221847|1.18880223|1.02717084|195425000.0|195425000.0|111973000.0|3.16916676|551197000.0|330255000.0|9.34719235|83308000.0
2014-09-30|788985000.0|788985000.0|249281000.0|539704000.0|83435000.0|278203000.0|161681000.0|161681000.0|28550000.0|133131000.0|38252000.0|94879000.0|0.0|94879000.0|94879000.0|0.0|2.8|2.8|2.72|33870000.0|34864000.0|0.08|175034000.0|32632000.0|-19843000.0|-12590000.0|-130391000.0|76000000.0|-198188000.0|-2714000.0|-2903000.0|21897000.0|1192298000.0|288527000.0|903771000.0|105075000.0|105075000.0|155295000.0|827842000.0|0.0|737684000.0|341404000.0|396280000.0|546000000.0|546000000.0|22000000.0|454614000.0|454614000.0|1284261000.0|-23189000.0|13.42232064|0.84511898|1.6226601|1.02934751|194313000.0|194313000.0|162444000.0|4.79610275|463977000.0|364456000.0|10.76043696|-52877000.0
2015-09-30|838781000.0|838781000.0|270535000.0|568246000.0|98824000.0|300002000.0|138388000.0|138388000.0|29150000.0|109238000.0|22736000.0|86502000.0|0.0|86502000.0|86502000.0|0.0|2.75|2.75|2.65|31402000.0|32609000.0|0.08|132977000.0|33889000.0|-81916000.0|-24999000.0|-58635000.0|62000000.0|-112461000.0|-2508000.0|-11381000.0|-18955000.0|1230163000.0|286602000.0|943561000.0|86120000.0|86120000.0|158773000.0|862071000.0|0.0|793165000.0|243875000.0|549290000.0|608000000.0|608000000.0|19852000.0|436998000.0|436998000.0|1368255000.0|-50715000.0|13.91624737|1.17520041|1.81503119|1.03843704|172277000.0|172277000.0|107978000.0|3.43857079|646097000.0|368092000.0|11.72192854|42727000.0
2016-09-30|881356000.0|881356000.0|265173000.0|616183000.0|103669000.0|328940000.0|171202000.0|171202000.0|26633000.0|144569000.0|35121000.0|109448000.0|0.0|109448000.0|109448000.0|0.0|3.52|3.52|3.39|31129000.0|32308000.0|0.08|185231000.0|31633000.0|-27615000.0|-21969000.0|-164978000.0|-37000000.0|-120571000.0|-2489000.0|-2832000.0|-10194000.0|1221052000.0|267638000.0|953414000.0|75926000.0|75926000.0|167786000.0|832034000.0|0.0|774224000.0|246077000.0|528147000.0|571000000.0|571000000.0|22952000.0|446828000.0|446828000.0|1475214000.0|-77011000.0|14.35407498|1.08761892|1.73271147|1.03787465|202835000.0|202835000.0|163262000.0|5.24469145|638015000.0|389018000.0|12.49696425|21561000.0
