Date|REVENUE|REVENUEUSD|COR|GP|RND|SGNA|EBIT|EBITUSD|INTEXP|EBT|TAXEXP|NETINC|PREFDIVIS|NETINCCMN|NETINCCMNUSD|NETINCDIS|EPS|EPSUSD|EPSDIL|SHARESWA|SHARESWADIL|DPS|NCFO|DEPAMOR|NCFI|CAPEX|NCFF|NCFDEBT|NCFCOMMON|NCFDIV|NCFX|NCF|ASSETS|ASSETSC|ASSETSNC|CASHNEQ|CASHNEQUSD|RECEIVABLES|INTANGIBLES|INVENTORY|LIABILITIES|LIABILITIESC|LIABILITIESNC|DEBT|DEBTUSD|PAYABLES|EQUITY|EQUITYUSD|RETEARN|ACCOCI|BVPS|CURRENTRATIO|DE|DILUTIONRATIO|EBITDA|EBITDAUSD|FCF|FCFPS|INVCAP|TANGIBLES|TBVPS|WORKINGCAPITAL
2009-09-30|45118771.0|45118771.0|13399003.0|31719768.0|0.0|4372289.0|40430593.0|40430593.0|4628564.0|35802029.0|0.0|35802029.0|0.0|35802029.0|35802029.0|0.0|1.7|1.7||21068772.0||0.96|-42355514.0|0.0|0.0|0.0|35353979.0|23100000.0|34400000.0|-20226021.0|0.0|-7001535.0|512381369.0|||33247666.0|33247666.0|8265063.0|0.0|0.0|211801101.0|||181806765.0|181806765.0|28347092.0|300580268.0|300580268.0|-76132025.0|49624620.0|14.26662494||0.70464074||40430593.0|40430593.0|-42355514.0|-2.01034564|660940468.0|512381369.0|24.31947002|
2010-09-30|60139757.0|60139757.0|19637082.0|40502675.0|0.0|4657320.0|20306229.0|20306229.0|3672444.0|16633785.0|98294.0|16535491.0|0.0|16535491.0|16535491.0|0.0|0.56|0.56||31558772.0||1.03|-127050830.0|0.0|0.0|0.0|95617615.0|22500000.0|107710000.0|-27919260.0|0.0|-31433215.0|711493846.0|||1814451.0|1814451.0|43068870.0|0.0|0.0|324918623.0|||255844559.0|255844559.0|67927243.0|386575223.0|386575223.0|-56094995.0|13958875.0|12.24937469||0.84050556||20306229.0|20306229.0|-127050830.0|-4.02584834|965523954.0|711493846.0|22.54504218|
2011-09-30|91738495.0|91738495.0|28061580.0|63676915.0|0.0|5480785.0|15814529.0|15814529.0|5322231.0|10492298.0|228824.0|10263474.0|0.0|10263474.0|10263474.0|0.0|0.24|0.24||45689781.0||1.07|-137812516.0|0.0|0.0|0.0|207602584.0|143300000.0|114080000.0|-39582741.0|0.0|69790068.0|928738214.0|||71604519.0|71604519.0|23997203.0|0.0|0.0|466081018.0|||425924276.0|425924276.0|39377985.0|462657196.0|462657196.0|-80099389.0|0.0|10.12605414||1.00740034||15814529.0|15814529.0|-137812516.0|-3.01626563|1283057971.0|928738214.0|20.32704455|
2012-09-30|113392390.0|113392390.0|31731039.0|81661351.0|0.0|7242067.0|75341724.0|75341724.0|11680634.0|63661090.0|307990.0|63353100.0|0.0|63353100.0|63353100.0|0.0|1.2|1.2||56514503.0||1.12|-115339638.0|0.0|0.0|0.0|51294572.0|-95900000.0|206572500.0|-51660628.0|0.0|-64045066.0|1018967531.0|||7559453.0|7559453.0|14928862.0|0.0|0.0|349250484.0|||321387770.0|321387770.0|25677688.0|669717047.0|669717047.0|-75053292.0|0.0|11.85035719||0.52148961||75341724.0|75341724.0|-115339638.0|-2.04088565|1332795848.0|1018967531.0|18.03019538|
2013-09-30|129187075.0|129187075.0|38081817.0|91105258.0|0.0|6018897.0|107108392.0|107108392.0|15384208.0|91724184.0|-53468.0|91777652.0|0.0|91777652.0|91777652.0|0.0|1.39|1.39||66499327.0||1.12|40324126.0|0.0|0.0|0.0|10557250.0|71750000.0|7574000.0|-68501660.0|0.0|50881376.0|1153327092.0|||58440829.0|58440829.0|10894893.0|0.0|0.0|455820893.0|||371141667.0|371141667.0|82669420.0|697506199.0|697506199.0|-58577396.0|0.0|10.48892117||0.65350085||107108392.0|107108392.0|40324126.0|0.60638397|1466027930.0|1153327092.0|17.34344006|
2014-09-30|147936338.0|147936338.0|42123549.0|105812789.0|0.0|5813517.0|131316732.0|131316732.0|20260652.0|111056080.0|72603.0|110983477.0|0.0|110983477.0|110983477.0|0.0|1.66|1.66||66592911.0||1.12|-172535005.0|0.0|0.0|0.0|180902773.0|159726300.0|98855000.0|-73462877.0|-289915.0|8367768.0|1411827197.0|||66518682.0|66518682.0|13703525.0|0.0|0.0|583817248.0|||542274929.0|542274929.0|38428636.0|828009949.0|828009949.0|-24530519.0|0.0|12.4339053||0.70508482||131316732.0|131316732.0|-172535005.0|-2.59089147|1887583444.0|1411827197.0|21.20086321|
2015-09-30|161629291.0|161629291.0|47260212.0|114369079.0|0.0|5755909.0|16109429.0|16109429.0|26355081.0|-10245652.0|0.0|-10245652.0|0.0|-10245652.0|-10245652.0|0.0|-0.14|-0.14||74259698.0||1.12|3016708.0|0.0|0.0|0.0|-20131277.0|81638000.0|-17898517.0|-83870760.0|215143.0|-17114569.0|1365048230.0|||49619256.0|49619256.0|7590197.0|0.0|0.0|648457688.0|||602865317.0|602865317.0|43270004.0|716590542.0|716590542.0|-118193653.0|0.0|9.64979068||0.9049208||16109429.0|16109429.0|3016708.0|0.04062376|1918294291.0|1365048230.0|18.38208701|
2016-09-30|142070827.0|142070827.0|34332213.0|107738614.0|0.0|7172590.0|48687948.0|48687948.0|27601242.0|21086706.0|2350000.0|18736706.0|0.0|18736706.0|18736706.0|0.0|0.26|0.26||71060836.0||1.12|157706863.0|0.0|0.0|0.0|-132670325.0|-39024600.0|-12180491.0|-80313359.0|952319.0|25036538.0|1238935878.0|||75608113.0|75608113.0|7032858.0|0.0|0.0|595569022.0|||559588721.0|559588721.0|35357421.0|643366856.0|643366856.0|-176687881.0|0.0|9.05374736||0.92570672||48687948.0|48687948.0|157706863.0|2.21932181|1722916486.0|1238935878.0|17.43486212|
