Date|REVENUE|REVENUEUSD|COR|GP|RND|SGNA|EBIT|EBITUSD|INTEXP|EBT|TAXEXP|NETINC|PREFDIVIS|NETINCCMN|NETINCCMNUSD|NETINCDIS|EPS|EPSUSD|EPSDIL|SHARESWA|SHARESWADIL|DPS|NCFO|DEPAMOR|NCFI|CAPEX|NCFF|NCFDEBT|NCFCOMMON|NCFDIV|NCFX|NCF|ASSETS|ASSETSC|ASSETSNC|CASHNEQ|CASHNEQUSD|RECEIVABLES|INTANGIBLES|INVENTORY|LIABILITIES|LIABILITIESC|LIABILITIESNC|DEBT|DEBTUSD|PAYABLES|EQUITY|EQUITYUSD|RETEARN|ACCOCI|BVPS|CURRENTRATIO|DE|DILUTIONRATIO|EBITDA|EBITDAUSD|FCF|FCFPS|INVCAP|TANGIBLES|TBVPS|WORKINGCAPITAL
2009-06-30|607086000.0|607086000.0|431111000.0|175975000.0|0.0|140776000.0|2721000.0|2721000.0|6532000.0|-3811000.0|1594000.0|-5405000.0|0.0|-5405000.0|-5405000.0|3515000.0|-0.44|-0.44|-0.44|12356144.0||0.68|39444000.0|15541000.0|-7158000.0|-4599000.0|-49876000.0|-40661000.0|-831000.0|-8384000.0|-2083000.0|-19673000.0|433709000.0|184705000.0|249004000.0|8984000.0|8984000.0|81893000.0|122172000.0|75634000.0|257423000.0|99247000.0|158176000.0|94300000.0|94300000.0|58802000.0|176286000.0|176286000.0|419157000.0|-52591000.0|14.26707232|1.86106381|1.46025776||18262000.0|18262000.0|34845000.0|2.82005454|297606000.0|311537000.0|25.21312474|85458000.0
2010-06-30|527481000.0|527481000.0|352505000.0|174976000.0|0.0|127156000.0|44827000.0|44827000.0|3624000.0|41203000.0|12504000.0|28699000.0|0.0|28699000.0|28699000.0|1653000.0|2.31|2.31|2.26|12477085.0||0.2|21401000.0|13408000.0|5672000.0|4745000.0|-4188000.0|-1000000.0|-698000.0|-2490000.0|1761000.0|24646000.0|446279000.0|217035000.0|229244000.0|33630000.0|33630000.0|92520000.0|120595000.0|69554000.0|254216000.0|101516000.0|152700000.0|93300000.0|93300000.0|58514000.0|192063000.0|192063000.0|445313000.0|-66456000.0|15.39325892|2.13793885|1.32360736||58235000.0|58235000.0|26146000.0|2.09552151|283838000.0|325684000.0|26.10257123|115519000.0
2011-06-30|581369000.0|581369000.0|389831000.0|191538000.0|0.0|137807000.0|52396000.0|52396000.0|2107000.0|50289000.0|14922000.0|35367000.0|0.0|35367000.0|35367000.0|2659000.0|2.83|2.83|2.77|12490968.0||0.23|56337000.0|13274000.0|-28249000.0|-173000.0|-49223000.0|-41700000.0|-4895000.0|-2875000.0|1912000.0|-19223000.0|474905000.0|220549000.0|254356000.0|14407000.0|14407000.0|95716000.0|124993000.0|74805000.0|229292000.0|128137000.0|101155000.0|51600000.0|51600000.0|68205000.0|245613000.0|245613000.0|477726000.0|-44928000.0|19.66324788|1.72119684|0.93354993||65670000.0|65670000.0|56164000.0|4.4963689|258968000.0|349912000.0|28.01320122|92412000.0
2012-06-30|610586000.0|610586000.0|408850000.0|201736000.0|0.0|141471000.0|48884000.0|48884000.0|2280000.0|46604000.0|15699000.0|30905000.0|0.0|30905000.0|30905000.0|14991000.0|2.47|2.47|2.42|12623533.0||0.27|43666000.0|13142000.0|8584000.0|-4534000.0|-9539000.0|-1600000.0|-5205000.0|-3383000.0|-2369000.0|40342000.0|479811000.0|249270000.0|230541000.0|54749000.0|54749000.0|99432000.0|120451000.0|73076000.0|236904000.0|116785000.0|120119000.0|50000000.0|50000000.0|62113000.0|242907000.0|242907000.0|505163000.0|-75125000.0|19.24239434|2.13443507|0.97528684||62026000.0|62026000.0|39132000.0|3.09992456|237826000.0|359360000.0|28.46746628|132485000.0
2013-06-30|673390000.0|673390000.0|455199000.0|218191000.0|0.0|153630000.0|62561000.0|62561000.0|2469000.0|60092000.0|15244000.0|44848000.0|0.0|44848000.0|44848000.0|-794000.0|3.57|3.57|3.51|12700620.0||0.31|60181000.0|15235000.0|-52687000.0|-14076000.0|-10916000.0|-785000.0|-8230000.0|-3891000.0|-263000.0|-3685000.0|510573000.0|258302000.0|252271000.0|51064000.0|51064000.0|97995000.0|136537000.0|81811000.0|219585000.0|118473000.0|101112000.0|50072000.0|50072000.0|67552000.0|290988000.0|290988000.0|546031000.0|-65280000.0|22.91132244|2.18026048|0.75461875||77796000.0|77796000.0|46105000.0|3.63013774|254571000.0|374036000.0|29.45021582|139829000.0
2014-06-30|716180000.0|716180000.0|477911000.0|238269000.0|0.0|165786000.0|63169000.0|63169000.0|2249000.0|60920000.0|18054000.0|42866000.0|0.0|42866000.0|42866000.0|6883000.0|3.39|3.39|3.35|12774636.0||0.38|70299000.0|14591000.0|-33163000.0|-18714000.0|-14835000.0|-5000000.0|-6692000.0|-4793000.0|895000.0|23196000.0|578160000.0|299936000.0|278224000.0|74260000.0|74260000.0|107674000.0|157455000.0|97065000.0|237434000.0|141170000.0|96264000.0|45056000.0|45056000.0|85206000.0|340726000.0|340726000.0|584014000.0|-55819000.0|26.67207113|2.12464405|0.69684732||77760000.0|77760000.0|51585000.0|4.03807983|250331000.0|420705000.0|32.9328366|158766000.0
2015-06-30|772142000.0|772142000.0|524656000.0|247486000.0|0.0|165837000.0|78778000.0|78778000.0|3161000.0|75617000.0|20874000.0|54743000.0|0.0|54743000.0|54743000.0|500000.0|4.33|4.33|4.27|12777465.0||0.46|64039000.0|16684000.0|-78516000.0|-22495000.0|44608000.0|58000000.0|-9660000.0|-5820000.0|-8263000.0|21868000.0|659063000.0|335402000.0|323661000.0|96128000.0|96128000.0|110478000.0|192780000.0|108305000.0|310493000.0|138791000.0|171702000.0|101753000.0|101753000.0|80764000.0|348570000.0|348570000.0|632864000.0|-93017000.0|27.28005907|2.41659762|0.89076226||95462000.0|95462000.0|41544000.0|3.25134915|333117000.0|466283000.0|36.49260632|196611000.0
2016-06-30|751586000.0|751586000.0|499333000.0|252253000.0|0.0|170219000.0|71222000.0|71222000.0|2871000.0|68351000.0|16295000.0|52056000.0|0.0|52056000.0|52056000.0|174000.0|4.11|4.11|4.08|12806118.0||0.54|80324000.0|17953000.0|-28782000.0|-17468000.0|-20745000.0|-10000000.0|-4694000.0|-6846000.0|-4937000.0|25860000.0|690457000.0|355849000.0|334608000.0|121988000.0|121988000.0|103974000.0|197766000.0|105402000.0|320498000.0|134107000.0|186391000.0|92114000.0|92114000.0|77099000.0|369959000.0|369959000.0|678002000.0|-117975000.0|28.88923872|2.65347074|0.86630681||89175000.0|89175000.0|62856000.0|4.908279|328710000.0|492691000.0|38.47309544|221742000.0
