Date|REVENUE|REVENUEUSD|COR|GP|RND|SGNA|EBIT|EBITUSD|INTEXP|EBT|TAXEXP|NETINC|PREFDIVIS|NETINCCMN|NETINCCMNUSD|NETINCDIS|EPS|EPSUSD|EPSDIL|SHARESWA|SHARESWADIL|DPS|NCFO|DEPAMOR|NCFI|CAPEX|NCFF|NCFDEBT|NCFCOMMON|NCFDIV|NCFX|NCF|ASSETS|ASSETSC|ASSETSNC|CASHNEQ|CASHNEQUSD|RECEIVABLES|INTANGIBLES|INVENTORY|LIABILITIES|LIABILITIESC|LIABILITIESNC|DEBT|DEBTUSD|PAYABLES|EQUITY|EQUITYUSD|RETEARN|ACCOCI|BVPS|CURRENTRATIO|DE|DILUTIONRATIO|EBITDA|EBITDAUSD|FCF|FCFPS|INVCAP|TANGIBLES|TBVPS|WORKINGCAPITAL
2009-08-31|11685000000.0|11685000000.0|4965000000.0|6720000000.0|1098000000.0|2037000000.0|3051000000.0|3051000000.0|129000000.0|2922000000.0|813000000.0|2109000000.0|0.0|2109000000.0|2109000000.0|0.0|3.82|3.82|3.77|547100000.0|555600000.0|1.01|2246000000.0|548000000.0|-723000000.0|-916000000.0|-1075000000.0|-183000000.0|-398000000.0|-552000000.0|-105000000.0|343000000.0|17831000000.0|7783000000.0|10048000000.0|1956000000.0|1956000000.0|2732000000.0|4589000000.0|2851000000.0|7723000000.0|3727000000.0|3996000000.0|1803000000.0|1803000000.0|1128000000.0|10056000000.0|10056000000.0|2665000000.0|-744000000.0|18.380552|2.08827475|0.7679992|1.01553646|3599000000.0|3599000000.0|1330000000.0|2.43099982|9362000000.0|13242000000.0|24.20398465|4056000000.0
2010-08-31|10483000000.0|10483000000.0|5416000000.0|5067000000.0|1205000000.0|2049000000.0|1637000000.0|1637000000.0|162000000.0|1475000000.0|379000000.0|1096000000.0|0.0|1096000000.0|1096000000.0|0.0|2.02|2.02|1.99|543700000.0|550800000.0|1.06|1398000000.0|602000000.0|-834000000.0|-755000000.0|-1038000000.0|18000000.0|-532000000.0|-577000000.0|3000000.0|-471000000.0|17852000000.0|7050000000.0|10802000000.0|1485000000.0|1485000000.0|2820000000.0|4467000000.0|2649000000.0|7739000000.0|3556000000.0|4183000000.0|2103000000.0|2103000000.0|986000000.0|10069000000.0|10069000000.0|3178000000.0|-897000000.0|18.51940408|1.98256468|0.76859668|1.01305867|2239000000.0|2239000000.0|643000000.0|1.18263748|10447000000.0|13385000000.0|24.61835571|3494000000.0
2011-08-31|11822000000.0|11822000000.0|5743000000.0|6079000000.0|1386000000.0|2190000000.0|2486000000.0|2486000000.0|162000000.0|2324000000.0|717000000.0|1607000000.0|0.0|1607000000.0|1607000000.0|0.0|3.0|3.0|2.96|536500000.0|542400000.0|1.12|2814000000.0|613000000.0|-975000000.0|-540000000.0|-864000000.0|180000000.0|-502000000.0|-602000000.0|35000000.0|1087000000.0|19844000000.0|8809000000.0|11035000000.0|2572000000.0|2572000000.0|3221000000.0|4674000000.0|2591000000.0|8128000000.0|4729000000.0|3399000000.0|2221000000.0|2221000000.0|1094000000.0|11545000000.0|11545000000.0|4174000000.0|-116000000.0|21.51910531|1.86276168|0.70402772|1.0109972|3099000000.0|3099000000.0|2274000000.0|4.23858341|10090000000.0|15170000000.0|28.27586207|4080000000.0
2012-08-31|13504000000.0|13504000000.0|6459000000.0|7045000000.0|1517000000.0|2380000000.0|3137000000.0|3137000000.0|191000000.0|2946000000.0|901000000.0|2045000000.0|0.0|2045000000.0|2045000000.0|0.0|3.83|3.83|3.79|534100000.0|540200000.0|1.2|3051000000.0|622000000.0|-1034000000.0|-646000000.0|-1165000000.0|-263000000.0|-432000000.0|-642000000.0|-141000000.0|711000000.0|20224000000.0|9658000000.0|10566000000.0|3283000000.0|3283000000.0|2893000000.0|4672000000.0|2839000000.0|8188000000.0|4221000000.0|3967000000.0|2074000000.0|2074000000.0|1008000000.0|11833000000.0|11833000000.0|5537000000.0|-1036000000.0|22.15502715|2.28808339|0.69196315|1.01142108|3759000000.0|3759000000.0|2405000000.0|4.50290208|10122000000.0|15552000000.0|29.11814267|5437000000.0
2013-08-31|14861000000.0|14861000000.0|7208000000.0|7653000000.0|1533000000.0|2550000000.0|3569000000.0|3569000000.0|172000000.0|3397000000.0|915000000.0|2482000000.0|0.0|2482000000.0|2482000000.0|0.0|4.65|4.65|4.6|533700000.0|539700000.0|1.5|2740000000.0|615000000.0|-777000000.0|-741000000.0|-1485000000.0|127000000.0|-1095000000.0|-802000000.0|-93000000.0|385000000.0|20664000000.0|10077000000.0|10587000000.0|3668000000.0|3668000000.0|2700000000.0|4746000000.0|2947000000.0|7936000000.0|4336000000.0|3600000000.0|2112000000.0|2112000000.0|1235000000.0|12559000000.0|12559000000.0|7188000000.0|-1278000000.0|23.53194679|2.32403137|0.63189744|1.01124227|4184000000.0|4184000000.0|1999000000.0|3.74554993|10026000000.0|15918000000.0|29.8257448|5741000000.0
2014-08-31|15855000000.0|15855000000.0|7281000000.0|8574000000.0|1725000000.0|2774000000.0|4066000000.0|4066000000.0|248000000.0|3818000000.0|1078000000.0|2740000000.0|0.0|2740000000.0|2740000000.0|0.0|5.28|5.28|5.22|519300000.0|524900000.0|1.72|3054000000.0|691000000.0|-2095000000.0|-1005000000.0|-2259000000.0|5483000000.0|-7082000000.0|-904000000.0|-1000000.0|-1301000000.0|21918000000.0|9675000000.0|12243000000.0|2367000000.0|2367000000.0|2923000000.0|5873000000.0|3597000000.0|14004000000.0|5112000000.0|8892000000.0|7698000000.0|7698000000.0|1432000000.0|7875000000.0|7875000000.0|9012000000.0|-1114000000.0|15.16464471|1.89260563|1.77828571|1.01078375|4757000000.0|4757000000.0|2049000000.0|3.94569613|16264000000.0|16045000000.0|30.89736183|4563000000.0
2015-08-31|15001000000.0|15001000000.0|6819000000.0|8182000000.0|1580000000.0|2686000000.0|3611000000.0|3611000000.0|433000000.0|3178000000.0|864000000.0|2314000000.0|0.0|2314000000.0|2314000000.0|0.0|4.85|4.85|4.81|476900000.0|481400000.0|1.96|3108000000.0|716000000.0|-1019000000.0|-967000000.0|-430000000.0|1226000000.0|-835000000.0|-938000000.0|-325000000.0|1334000000.0|21920000000.0|10625000000.0|11295000000.0|3701000000.0|3701000000.0|2481000000.0|5393000000.0|3496000000.0|14915000000.0|5177000000.0|9738000000.0|9044000000.0|9044000000.0|1162000000.0|6990000000.0|6990000000.0|10374000000.0|-2801000000.0|14.65716083|2.05234692|2.13376252|1.00943594|4327000000.0|4327000000.0|2141000000.0|4.48941078|16693000000.0|16527000000.0|34.65506395|5448000000.0
2016-08-31|13502000000.0|13502000000.0|6485000000.0|7017000000.0|1512000000.0|2833000000.0|2467000000.0|2467000000.0|436000000.0|2031000000.0|695000000.0|1336000000.0|0.0|1336000000.0|1336000000.0|0.0|3.02|3.02|2.99|442700000.0|447100000.0|2.16|2588000000.0|727000000.0|-864000000.0|-923000000.0|-3742000000.0|156000000.0|-3001000000.0|-964000000.0|-7000000.0|-2025000000.0|19736000000.0|8157000000.0|11579000000.0|1676000000.0|1676000000.0|2782000000.0|5145000000.0|3241000000.0|15191000000.0|6729000000.0|8462000000.0|9040000000.0|9040000000.0|1366000000.0|4534000000.0|4534000000.0|10763000000.0|-2808000000.0|10.24169867|1.21221578|3.35046317|1.00993901|3194000000.0|3194000000.0|1665000000.0|3.76101197|15226000000.0|14591000000.0|32.95911452|1428000000.0
