Date|REVENUE|REVENUEUSD|COR|GP|RND|SGNA|EBIT|EBITUSD|INTEXP|EBT|TAXEXP|NETINC|PREFDIVIS|NETINCCMN|NETINCCMNUSD|NETINCDIS|EPS|EPSUSD|EPSDIL|SHARESWA|SHARESWADIL|DPS|NCFO|DEPAMOR|NCFI|CAPEX|NCFF|NCFDEBT|NCFCOMMON|NCFDIV|NCFX|NCF|ASSETS|ASSETSC|ASSETSNC|CASHNEQ|CASHNEQUSD|RECEIVABLES|INTANGIBLES|INVENTORY|LIABILITIES|LIABILITIESC|LIABILITIESNC|DEBT|DEBTUSD|PAYABLES|EQUITY|EQUITYUSD|RETEARN|ACCOCI|BVPS|CURRENTRATIO|DE|DILUTIONRATIO|EBITDA|EBITDAUSD|FCF|FCFPS|INVCAP|TANGIBLES|TBVPS|WORKINGCAPITAL
2009-09-30|4428000000.0|4428000000.0|3118000000.0|1310000000.0|0.0|457000000.0|881000000.0|881000000.0|18000000.0|863000000.0|269000000.0|594000000.0|0.0|594000000.0|594000000.0|0.0|3.76|3.76|3.73|157800000.0|159400000.0|0.96|633000000.0|144000000.0|-302000000.0|-153000000.0|-275000000.0|9000000.0|-134000000.0|-152000000.0|4000000.0|60000000.0|4645000000.0|2362000000.0|2283000000.0|235000000.0|235000000.0|913000000.0|964000000.0|943000000.0|3350000000.0|1359000000.0|1991000000.0|532000000.0|532000000.0|366000000.0|1292000000.0|1292000000.0|2444000000.0|-1080000000.0|8.18757921|1.73804268|2.59287926|1.01013942|1025000000.0|1025000000.0|480000000.0|3.0418251|2619000000.0|3681000000.0|23.3269962|1003000000.0
2010-09-30|4631000000.0|4631000000.0|3353000000.0|1278000000.0|0.0|476000000.0|820000000.0|820000000.0|20000000.0|800000000.0|239000000.0|561000000.0|0.0|561000000.0|561000000.0|0.0|3.57|3.57|3.52|157100000.0|159200000.0|0.96|711000000.0|115000000.0|-232000000.0|-108000000.0|-279000000.0|0.0|-145000000.0|-151000000.0|0.0|200000000.0|5064000000.0|2689000000.0|2375000000.0|435000000.0|435000000.0|1024000000.0|1072000000.0|1004000000.0|3578000000.0|1452000000.0|2126000000.0|549000000.0|549000000.0|420000000.0|1482000000.0|1482000000.0|2816000000.0|-1259000000.0|9.43348186|1.85192837|2.41430499|1.01336728|935000000.0|935000000.0|603000000.0|3.83831954|2654000000.0|3992000000.0|25.41056652|1237000000.0
2011-09-30|4806000000.0|4806000000.0|3427000000.0|1379000000.0|0.0|533000000.0|893000000.0|893000000.0|19000000.0|874000000.0|240000000.0|634000000.0|0.0|634000000.0|634000000.0|-19000000.0|4.11|4.11|4.06|154200000.0|156100000.0|0.96|657000000.0|108000000.0|-92000000.0|-138000000.0|-471000000.0|-24000000.0|-306000000.0|-148000000.0|1000000.0|95000000.0|5389000000.0|2889000000.0|2500000000.0|530000000.0|530000000.0|969000000.0|1088000000.0|1195000000.0|3861000000.0|1495000000.0|2366000000.0|528000000.0|528000000.0|485000000.0|1523000000.0|1523000000.0|3288000000.0|-1497000000.0|9.8767834|1.93244147|2.53512804|1.01232166|1001000000.0|1001000000.0|519000000.0|3.36575875|2804000000.0|4301000000.0|27.8923476|1394000000.0
2012-09-30|4531000000.0|4531000000.0|3168000000.0|1363000000.0|0.0|530000000.0|879000000.0|879000000.0|27000000.0|852000000.0|243000000.0|609000000.0|0.0|609000000.0|609000000.0|-20000000.0|4.19|4.19|4.15|145300000.0|146800000.0|1.32|534000000.0|116000000.0|-129000000.0|-121000000.0|-594000000.0|247000000.0|-693000000.0|-157000000.0|-6000000.0|-195000000.0|5314000000.0|2787000000.0|2527000000.0|335000000.0|335000000.0|971000000.0|1071000000.0|1332000000.0|4050000000.0|1440000000.0|2610000000.0|779000000.0|779000000.0|475000000.0|1259000000.0|1259000000.0|3708000000.0|-1607000000.0|8.66483138|1.93541667|3.21683876|1.01032347|995000000.0|995000000.0|413000000.0|2.84239504|3247000000.0|4243000000.0|29.20165175|1347000000.0
2013-09-30|4474000000.0|4474000000.0|3103000000.0|1371000000.0|0.0|495000000.0|895000000.0|895000000.0|28000000.0|867000000.0|235000000.0|632000000.0|0.0|632000000.0|632000000.0|-2000000.0|4.63|4.63|4.58|136500000.0|138100000.0|1.2|617000000.0|124000000.0|-118000000.0|-117000000.0|-448000000.0|235000000.0|-528000000.0|-164000000.0|5000000.0|56000000.0|5400000000.0|3094000000.0|2306000000.0|391000000.0|391000000.0|1058000000.0|1067000000.0|1518000000.0|3777000000.0|1981000000.0|1796000000.0|999000000.0|999000000.0|463000000.0|1618000000.0|1618000000.0|4163000000.0|-1287000000.0|11.85347985|1.56183746|2.33436341|1.01172161|1019000000.0|1019000000.0|500000000.0|3.66300366|2960000000.0|4333000000.0|31.74358974|1113000000.0
2014-09-30|4979000000.0|4979000000.0|3469000000.0|1510000000.0|0.0|594000000.0|927000000.0|927000000.0|59000000.0|868000000.0|264000000.0|604000000.0|0.0|604000000.0|604000000.0|14000000.0|4.47|4.47|4.42|135100000.0|136700000.0|1.2|644000000.0|141000000.0|-1527000000.0|-163000000.0|827000000.0|1158000000.0|-174000000.0|-162000000.0|-12000000.0|-68000000.0|7063000000.0|3204000000.0|3859000000.0|323000000.0|323000000.0|1033000000.0|2551000000.0|1709000000.0|5174000000.0|2198000000.0|2976000000.0|2167000000.0|2167000000.0|535000000.0|1884000000.0|1884000000.0|4605000000.0|-1366000000.0|13.94522576|1.45768881|2.7462845|1.01184308|1068000000.0|1068000000.0|481000000.0|3.56032568|4158000000.0|4512000000.0|33.39748335|1006000000.0
2015-09-30|5244000000.0|5244000000.0|3630000000.0|1614000000.0|0.0|606000000.0|1015000000.0|1015000000.0|61000000.0|954000000.0|268000000.0|686000000.0|0.0|686000000.0|686000000.0|8000000.0|5.19|5.19|5.13|132300000.0|133700000.0|1.26|735000000.0|152000000.0|-291000000.0|-210000000.0|-492000000.0|-56000000.0|-281000000.0|-167000000.0|-23000000.0|-71000000.0|7304000000.0|3224000000.0|4080000000.0|252000000.0|252000000.0|1038000000.0|2607000000.0|1824000000.0|5424000000.0|2060000000.0|3364000000.0|2128000000.0|2128000000.0|487000000.0|1875000000.0|1875000000.0|5124000000.0|-1699000000.0|14.1723356|1.56504854|2.8928|1.01058201|1167000000.0|1167000000.0|525000000.0|3.96825397|4513000000.0|4697000000.0|35.5026455|1164000000.0
2016-09-30|5259000000.0|5259000000.0|3642000000.0|1617000000.0|0.0|638000000.0|1000000000.0|1000000000.0|64000000.0|936000000.0|208000000.0|728000000.0|0.0|728000000.0|728000000.0|-1000000.0|5.58|5.58|5.51|130500000.0|132100000.0|1.32|723000000.0|144000000.0|-209000000.0|-193000000.0|-422000000.0|-8000000.0|-240000000.0|-172000000.0|-4000000.0|88000000.0|7707000000.0|3490000000.0|4217000000.0|340000000.0|340000000.0|1094000000.0|2586000000.0|1939000000.0|5623000000.0|2346000000.0|3277000000.0|2122000000.0|2122000000.0|527000000.0|2078000000.0|2078000000.0|3327000000.0|-1898000000.0|15.92337165|1.48763853|2.70596728|1.01226054|1144000000.0|1144000000.0|530000000.0|4.06130268|4557000000.0|5121000000.0|39.24137931|1144000000.0
