Date|REVENUE|REVENUEUSD|COR|GP|RND|SGNA|EBIT|EBITUSD|INTEXP|EBT|TAXEXP|NETINC|PREFDIVIS|NETINCCMN|NETINCCMNUSD|NETINCDIS|EPS|EPSUSD|EPSDIL|SHARESWA|SHARESWADIL|DPS|NCFO|DEPAMOR|NCFI|CAPEX|NCFF|NCFDEBT|NCFCOMMON|NCFDIV|NCFX|NCF|ASSETS|ASSETSC|ASSETSNC|CASHNEQ|CASHNEQUSD|RECEIVABLES|INTANGIBLES|INVENTORY|LIABILITIES|LIABILITIESC|LIABILITIESNC|DEBT|DEBTUSD|PAYABLES|EQUITY|EQUITYUSD|RETEARN|ACCOCI|BVPS|CURRENTRATIO|DE|DILUTIONRATIO|EBITDA|EBITDAUSD|FCF|FCFPS|INVCAP|TANGIBLES|TBVPS|WORKINGCAPITAL
2009-09-30|3657600000.0|3657600000.0|3538700000.0|118900000.0|0.0|601100000.0|-555300000.0|-555300000.0|1500000.0|-556800000.0|-7000000.0|-549800000.0|0.0|-549800000.0|-549800000.0|0.0|-1.72|-1.72|-1.72|317098284.0||0.15|1141200000.0|25700000.0|-59400000.0|-6200000.0|-511800000.0|-468700000.0|4400000.0|-47500000.0|0.0|570000000.0|6756800000.0|||2012500000.0|2012500000.0|0.0|15900000.0|3666700000.0|4497000000.0|||3145300000.0|3145300000.0|278900000.0|2259600000.0|2259600000.0|613200000.0|0.0|7.12586638||1.99017525||-529600000.0|-529600000.0|1135000000.0|3.57933189|7873700000.0|6740900000.0|21.25807783|
2010-09-30|4400200000.0|4400200000.0|3627600000.0|772600000.0|0.0|600400000.0|101400000.0|101400000.0|1900000.0|99500000.0|-145600000.0|245100000.0|0.0|245100000.0|245100000.0|0.0|0.77|0.77|0.77|318315144.0||0.15|709400000.0|18400000.0|-318000000.0|-19200000.0|-1039400000.0|-1002100000.0|7600000.0|-47700000.0|0.0|-648000000.0|5938600000.0|||1363000000.0|1363000000.0|0.0|15900000.0|3449000000.0|3315700000.0|||2171800000.0|2171800000.0|186700000.0|2613200000.0|2613200000.0|810600000.0|300000.0|8.20947432||1.26882749||119800000.0|119800000.0|690200000.0|2.16829143|6731500000.0|5922700000.0|18.60640347|
2011-09-30|3636800000.0|3636800000.0|3023300000.0|613500000.0|0.0|556300000.0|12100000.0|12100000.0|0.0|12100000.0|-59700000.0|71800000.0|0.0|71800000.0|71800000.0|0.0|0.23|0.23|0.23|316016099.0||0.15|18900000.0|19900000.0|-23300000.0|-16300000.0|-572300000.0|-489300000.0|-35200000.0|-47800000.0|0.0|-576700000.0|5358400000.0|||781700000.0|781700000.0|0.0|15900000.0|3449700000.0|2734900000.0|||1704600000.0|1704600000.0|200500000.0|2620600000.0|2620600000.0|834600000.0|100000.0|8.2926155||1.04361597||32000000.0|32000000.0|2600000.0|0.00822743|6265400000.0|5342500000.0|16.90578428|
2012-09-30|4354000000.0|4354000000.0|3492400000.0|861600000.0|0.0|614200000.0|242900000.0|242900000.0|0.0|242900000.0|-713400000.0|956300000.0|0.0|956300000.0|956300000.0|0.0|3.01|3.01|2.77|319295759.0||0.15|-292200000.0|18800000.0|-143000000.0|-33600000.0|751500000.0|748400000.0|50900000.0|-47800000.0|0.0|316300000.0|7248200000.0|||1097000000.0|1097000000.0|0.0|38900000.0|4165200000.0|3653500000.0|||2493100000.0|2493100000.0|266600000.0|3592100000.0|3592100000.0|1743100000.0|200000.0|11.25007113||1.01709307||261700000.0|261700000.0|-325800000.0|-1.02037058|8605400000.0|7209300000.0|22.57875276|
2013-09-30|6259300000.0|6259300000.0|4853500000.0|1405800000.0|0.0|766300000.0|657800000.0|657800000.0|0.0|657800000.0|195100000.0|462700000.0|0.0|462700000.0|462700000.0|0.0|1.44|1.44|1.33|322837818.0||0.19|-1229300000.0|22700000.0|180900000.0|-58000000.0|939000000.0|962800000.0|29700000.0|-60200000.0|0.0|-109400000.0|8856400000.0|||1055200000.0|1055200000.0|0.0|38900000.0|6197400000.0|4795000000.0|||3509000000.0|3509000000.0|400000000.0|4058500000.0|4058500000.0|2145600000.0|1900000.0|12.57132769||1.18147099||680500000.0|680500000.0|-1287300000.0|-3.98745106|11271300000.0|8817500000.0|27.31247552|
2014-09-30|8024900000.0|8024900000.0|6268600000.0|1756300000.0|0.0|965400000.0|814200000.0|814200000.0|0.0|814200000.0|280700000.0|533500000.0|0.0|533500000.0|533500000.0|0.0|1.57|1.57|1.5|364472463.0||0.14|-661400000.0|38400000.0|-282100000.0|-100200000.0|627900000.0|630700000.0|45200000.0|-48600000.0|0.0|-315600000.0|10185400000.0|||671800000.0|671800000.0|0.0|94800000.0|7700500000.0|5065700000.0|||3665700000.0|3665700000.0|525000000.0|5115800000.0|5115800000.0|2630500000.0|2200000.0|14.03617699||0.99020681||852600000.0|852600000.0|-761600000.0|-2.08959545|13084500000.0|10090600000.0|27.68549349|
2015-09-30|10824000000.0|10824000000.0|8535700000.0|2288300000.0|0.0|1186000000.0|1123400000.0|1123400000.0|0.0|1123400000.0|372700000.0|750700000.0|0.0|750700000.0|750700000.0|0.0|2.05|2.05|2.03|366778229.0||0.25|700400000.0|54100000.0|-95400000.0|-100000.0|117000000.0|134500000.0|61800000.0|-91600000.0|0.0|722000000.0|11151000000.0|||1393500000.0|1393500000.0|0.0|87200000.0|7807000000.0|5255600000.0|||3811500000.0|3811500000.0|516700000.0|5894300000.0|5894300000.0|3289600000.0|1400000.0|16.07047402||0.89164108||1177500000.0|1177500000.0|700300000.0|1.90932816|13481800000.0|11063800000.0|30.16482202|
2016-09-30|12157400000.0|12157400000.0|9502600000.0|2654800000.0|0.0|1320300000.0|1340000000.0|1340000000.0|-13500000.0|1353500000.0|467200000.0|886300000.0|0.0|886300000.0|886300000.0|0.0|2.39|2.39|2.36|372285773.0||0.32|618000000.0|61000000.0|-112600000.0|-86100000.0|-586000000.0|-549700000.0|72400000.0|-118700000.0|0.0|-80600000.0|11558900000.0|||1312700000.0|1312700000.0|0.0|80000000.0|8340900000.0|4765900000.0|||3271300000.0|3271300000.0|577500000.0|6792500000.0|6792500000.0|4057200000.0|0.0|18.24539236||0.70164152||1401000000.0|1401000000.0|531900000.0|1.42874114|13437500000.0|11478900000.0|30.8335715|
