Date|REVENUE|REVENUEUSD|COR|GP|RND|SGNA|EBIT|EBITUSD|INTEXP|EBT|TAXEXP|NETINC|PREFDIVIS|NETINCCMN|NETINCCMNUSD|NETINCDIS|EPS|EPSUSD|EPSDIL|SHARESWA|SHARESWADIL|DPS|NCFO|DEPAMOR|NCFI|CAPEX|NCFF|NCFDEBT|NCFCOMMON|NCFDIV|NCFX|NCF|ASSETS|ASSETSC|ASSETSNC|CASHNEQ|CASHNEQUSD|RECEIVABLES|INTANGIBLES|INVENTORY|LIABILITIES|LIABILITIESC|LIABILITIESNC|DEBT|DEBTUSD|PAYABLES|EQUITY|EQUITYUSD|RETEARN|ACCOCI|BVPS|CURRENTRATIO|DE|DILUTIONRATIO|EBITDA|EBITDAUSD|FCF|FCFPS|INVCAP|TANGIBLES|TBVPS|WORKINGCAPITAL
2009-03-31|2554659000.0|2554659000.0|2035318000.0|519341000.0|0.0|309409000.0|231958000.0|231958000.0|35631000.0|196327000.0|64588000.0|131739000.0|14850000.0|116889000.0|116889000.0|0.0|4.57|4.57|4.32|24987055.0||1.81|99066000.0|41790000.0|42118000.0|-20572000.0|-111994000.0|59934000.0|-111036000.0|-45938000.0|-2634000.0|26556000.0|2138176000.0|1503919000.0|634257000.0|212626000.0|212626000.0|498036000.0|106097000.0|586136000.0|1104932000.0|549875000.0|555057000.0|579916000.0|579916000.0|256028000.0|1033244000.0|1033244000.0|686960000.0|-64547000.0|41.35117164|2.73501978|1.06938148||273748000.0|273748000.0|78494000.0|3.14138661|1849494000.0|2032079000.0|81.32527022|954044000.0
2010-03-31|2491738000.0|2491738000.0|1949473000.0|542265000.0|0.0|285056000.0|278890000.0|278890000.0|24210000.0|254680000.0|86283000.0|168397000.0|14850000.0|153547000.0|153547000.0|0.0|6.21|6.21|5.68|24494587.0||1.85|162234000.0|43496000.0|-52022000.0|-52558000.0|-79036000.0|13265000.0|-31465000.0|-45882000.0|2151000.0|33327000.0|2371040000.0|1693076000.0|677964000.0|245953000.0|245953000.0|446030000.0|105561000.0|812186000.0|1242665000.0|614999000.0|627666000.0|606777000.0|606777000.0|266040000.0|1128375000.0|1128375000.0|767213000.0|-52667000.0|46.06630028|2.75297358|1.10128725||322386000.0|322386000.0|109676000.0|4.4775607|2011304000.0|2265479000.0|92.48896501|1078077000.0
2011-03-31|2571527000.0|2571527000.0|2063194000.0|508333000.0|0.0|259042000.0|257972000.0|257972000.0|23058000.0|234914000.0|78349000.0|156565000.0|14850000.0|141715000.0|141715000.0|0.0|5.94|5.94|5.42|23859000.0|28888000.0|1.89|54218000.0|45272000.0|1652000.0|-33554000.0|-161550000.0|-54350000.0|-46929000.0|-45321000.0|734000.0|-104946000.0|2227867000.0|1578234000.0|649633000.0|141007000.0|141007000.0|506624000.0|99546000.0|742422000.0|1028462000.0|512351000.0|516111000.0|564484000.0|564484000.0|217168000.0|1199405000.0|1199405000.0|825751000.0|-44776000.0|50.2705478|3.08037654|0.85747683|1.21078|303244000.0|303244000.0|20664000.0|0.86608827|2039447000.0|2128321000.0|89.20411585|1065883000.0
2012-03-31|2446877000.0|2446877000.0|1974885000.0|471992000.0|0.0|251639000.0|176051000.0|176051000.0|22835000.0|153216000.0|61159000.0|92057000.0|14850000.0|77207000.0|77207000.0|0.0|3.32|3.32|3.25|23228000.0|28339000.0|1.93|199786000.0|43866000.0|-9875000.0|-19808000.0|-67323000.0|-17177000.0|-3870000.0|-44711000.0|-1896000.0|120692000.0|2266919000.0|1690629000.0|576290000.0|261699000.0|261699000.0|533477000.0|99266000.0|682095000.0|1060929000.0|392708000.0|668221000.0|536766000.0|536766000.0|188085000.0|1205990000.0|1205990000.0|854654000.0|-80361000.0|51.91966592|4.30505363|0.87971625|1.22003616|219917000.0|219917000.0|179978000.0|7.74832099|2050012000.0|2167653000.0|93.32069055|1297921000.0
2013-03-31|2461699000.0|2461699000.0|1999282000.0|462417000.0|0.0|235295000.0|221129000.0|221129000.0|22013000.0|199116000.0|66366000.0|132750000.0|14850000.0|117900000.0|117900000.0|0.0|5.05|5.05|4.66|23354793.0|28478058.0|1.97|234466000.0|45116000.0|-26245000.0|-27249000.0|-101959000.0|-34624000.0|-4532000.0|-45996000.0|-97000.0|106165000.0|2306155000.0|1745973000.0|560182000.0|367864000.0|367864000.0|534402000.0|99048000.0|623377000.0|1018498000.0|622597000.0|395901000.0|497818000.0|497818000.0|230387000.0|1287657000.0|1287657000.0|918509000.0|-75540000.0|55.13459272|2.80433892|0.79096996|1.21936675|266245000.0|266245000.0|207217000.0|8.87256847|1714464000.0|2207107000.0|94.50338524|1123376000.0
2014-03-31|2542115000.0|2542115000.0|2108824000.0|433291000.0|0.0|262013000.0|244851000.0|244851000.0|20307000.0|224544000.0|75535000.0|149009000.0|14850000.0|134159000.0|134159000.0|0.0|5.77|5.77|5.25|23238978.0|28392033.0|2.01|-3503000.0|38899000.0|-42070000.0|-43103000.0|-158082000.0|-80852000.0|-13688000.0|-46721000.0|-677000.0|-204332000.0|2270907000.0|1673247000.0|597660000.0|163532000.0|163532000.0|610011000.0|99453000.0|639812000.0|860015000.0|454977000.0|405038000.0|419155000.0|419155000.0|212487000.0|1410892000.0|1410892000.0|993093000.0|-34332000.0|60.71230843|3.67765184|0.6095541|1.22174189|283750000.0|283750000.0|-46606000.0|-2.00550988|1972100000.0|2171454000.0|93.44016764|1218270000.0
2015-03-31|2271801000.0|2271801000.0|1861527000.0|410274000.0|0.0|250186000.0|169734000.0|169734000.0|17120000.0|152614000.0|38006000.0|114608000.0|14860000.0|99748000.0|99748000.0|0.0|4.33|4.33|4.06|23035920.0|28221264.0|2.05|226497000.0|37324000.0|-54004000.0|-53863000.0|-86134000.0|12747000.0|-31040000.0|-47337000.0|-1108000.0|85251000.0|2188449000.0|1597999000.0|590450000.0|248783000.0|248783000.0|551152000.0|99146000.0|636488000.0|791355000.0|268229000.0|523126000.0|429862000.0|429862000.0|143393000.0|1397094000.0|1397094000.0|1020155000.0|-74994000.0|60.64850026|5.95759221|0.56642932|1.22509819|207058000.0|207058000.0|172634000.0|7.49412222|2002153000.0|2089303000.0|90.69761486|1329770000.0
2016-03-31|2120373000.0|2120373000.0|1713042000.0|407331000.0|0.0|226685000.0|179115000.0|179115000.0|15669000.0|163446000.0|54430000.0|109016000.0|14748000.0|94268000.0|94268000.0|0.0|4.16|4.16|3.92|22683290.0|27825491.0|2.09|183591000.0|37644000.0|-50931000.0|-44171000.0|-61706000.0|4880000.0|0.0|-47389000.0|-290000.0|70664000.0|2231177000.0|1638546000.0|592631000.0|319447000.0|319447000.0|532865000.0|99071000.0|637132000.0|778115000.0|246270000.0|531845000.0|434559000.0|434559000.0|128870000.0|1453062000.0|1453062000.0|1066064000.0|-72350000.0|64.05869695|6.65345353|0.53550021|1.22669555|216759000.0|216759000.0|139420000.0|6.14637471|2000948000.0|2132106000.0|93.99456604|1392276000.0
