Date|REVENUE|REVENUEUSD|COR|GP|RND|SGNA|EBIT|EBITUSD|INTEXP|EBT|TAXEXP|NETINC|PREFDIVIS|NETINCCMN|NETINCCMNUSD|NETINCDIS|EPS|EPSUSD|EPSDIL|SHARESWA|SHARESWADIL|DPS|NCFO|DEPAMOR|NCFI|CAPEX|NCFF|NCFDEBT|NCFCOMMON|NCFDIV|NCFX|NCF|ASSETS|ASSETSC|ASSETSNC|CASHNEQ|CASHNEQUSD|RECEIVABLES|INTANGIBLES|INVENTORY|LIABILITIES|LIABILITIESC|LIABILITIESNC|DEBT|DEBTUSD|PAYABLES|EQUITY|EQUITYUSD|RETEARN|ACCOCI|BVPS|CURRENTRATIO|DE|DILUTIONRATIO|EBITDA|EBITDAUSD|FCF|FCFPS|INVCAP|TANGIBLES|TBVPS|WORKINGCAPITAL
2009-03-31|808972000.0|808972000.0|504658000.0|304314000.0|70537000.0|217895000.0|-329884000.0|-329884000.0|29261000.0|-359145000.0|-881000.0|-358264000.0|0.0|-358264000.0|-358264000.0|0.0|-1.71|-1.71|-1.71|209041000.0|209041000.0|0.0|89100000.0|57743000.0|-4680000.0|-5423000.0|-90041000.0|-92000000.0|2738000.0|0.0|0.0|-6618000.0|549369000.0|354102000.0|195267000.0|87305000.0|87305000.0|107851000.0|156006000.0|124266000.0|669328000.0|215730000.0|453598000.0|408000000.0|408000000.0|45182000.0|-119959000.0|-119959000.0|-477763000.0|5852000.0|-0.57385393|1.64141288|-5.57963971|1.0|-272141000.0|-272141000.0|83677000.0|0.4002899|498328000.0|393363000.0|1.88175047|138372000.0
2010-03-31|681427000.0|681427000.0|401390000.0|280037000.0|69949000.0|175984000.0|43423000.0|43423000.0|25515000.0|17908000.0|1274000.0|16634000.0|0.0|16634000.0|16634000.0|0.0|0.08|0.08|0.02|212672000.0|223761000.0|0.0|100164000.0|50559000.0|-8541000.0|-8595000.0|-62398000.0|-64180000.0|2851000.0|0.0|190000.0|29415000.0|504143000.0|349944000.0|154199000.0|116843000.0|116843000.0|103397000.0|119862000.0|107297000.0|595400000.0|242657000.0|352743000.0|329882000.0|329882000.0|56688000.0|-91257000.0|-91257000.0|-461129000.0|6349000.0|-0.42909739|1.44213437|-6.524431|1.05214133|93982000.0|93982000.0|91569000.0|0.43056444|354663000.0|384281000.0|1.80691864|107287000.0
2011-03-31|672270000.0|672270000.0|389288000.0|282982000.0|73008000.0|182228000.0|24717000.0|24717000.0|20163000.0|4554000.0|13000.0|4541000.0|0.0|4541000.0|4541000.0|0.0|0.02|0.02|0.02|220888000.0|229738000.0|0.0|52327000.0|41961000.0|-10103000.0|-12339000.0|-81286000.0|-95526000.0|16547000.0|0.0|125000.0|-38937000.0|430965000.0|303554000.0|127411000.0|77873000.0|77873000.0|114969000.0|91481000.0|93167000.0|492076000.0|205659000.0|286417000.0|239334000.0|239334000.0|52203000.0|-61111000.0|-61111000.0|-456588000.0|7293000.0|-0.27666057|1.4760064|-8.05216737|1.04006555|66678000.0|66678000.0|39988000.0|0.18103292|295286000.0|339484000.0|1.53690558|97895000.0
2012-03-31|651987000.0|651987000.0|378542000.0|273445000.0|74365000.0|193905000.0|2317000.0|2317000.0|10686000.0|-8369000.0|887000.0|-9256000.0|0.0|-9256000.0|-9256000.0|0.0|-0.04|-0.04|-0.04|232599000.0|232599000.0|0.0|45660000.0|34875000.0|-21974000.0|-11414000.0|-48353000.0|-55799000.0|10390000.0|0.0|-82000.0|-24749000.0|395348000.0|281221000.0|114127000.0|55491000.0|55491000.0|110840000.0|81725000.0|100161000.0|442028000.0|210053000.0|231975000.0|184495000.0|184495000.0|56304000.0|-46680000.0|-46680000.0|-465397000.0|6583000.0|-0.20068874|1.33880973|-9.46932305|1.0|37192000.0|37192000.0|34246000.0|0.14723193|232574000.0|313623000.0|1.348342|71168000.0
2013-03-31|587439000.0|587439000.0|346878000.0|240561000.0|73960000.0|198890000.0|-42676000.0|-42676000.0|8342000.0|-51018000.0|1161000.0|-52179000.0|0.0|-52179000.0|-52179000.0|0.0|-0.22|-0.22|-0.22|239855000.0|239855000.0|0.0|7735000.0|25712000.0|-10908000.0|-10099000.0|20975000.0|18206000.0|4805000.0|0.0|-87000.0|17715000.0|368882000.0|269108000.0|99774000.0|71999000.0|71999000.0|96835000.0|68426000.0|88443000.0|451245000.0|194816000.0|256429000.0|205000000.0|205000000.0|47634000.0|-82363000.0|-82363000.0|-518597000.0|6192000.0|-0.34338663|1.38134445|-5.47873438|1.0|-16964000.0|-16964000.0|-2364000.0|-0.00985595|238641000.0|300456000.0|1.25265681|74292000.0
2014-03-31|553165000.0|553165000.0|313545000.0|239620000.0|64375000.0|176636000.0|-10503000.0|-10503000.0|9754000.0|-20257000.0|1217000.0|-21474000.0|0.0|-21474000.0|-21474000.0|0.0|-0.09|-0.09|-0.09|247024000.0|247024000.0|0.0|35474000.0|19615000.0|-6649000.0|-5957000.0|1285000.0|-1265000.0|4430000.0|0.0|39000.0|30149000.0|361798000.0|274095000.0|87703000.0|101885000.0|101885000.0|101605000.0|59524000.0|60444000.0|449198000.0|190555000.0|258643000.0|203735000.0|203735000.0|41792000.0|-87400000.0|-87400000.0|-540071000.0|6620000.0|-0.35381178|1.43840361|-5.13956522|1.0|9112000.0|9112000.0|29517000.0|0.11949041|213569000.0|302274000.0|1.22366248|83540000.0
2015-03-31|553095000.0|553095000.0|308409000.0|244686000.0|58618000.0|170467000.0|26938000.0|26938000.0|9460000.0|17478000.0|718000.0|16760000.0|0.0|16760000.0|16760000.0|0.0|0.07|0.07|0.06|254665000.0|260027000.0|0.0|6034000.0|11978000.0|11641000.0|-3241000.0|-48641000.0|-50000000.0|3737000.0|0.0|-211000.0|-31177000.0|357158000.0|281584000.0|75574000.0|70569000.0|70569000.0|124159000.0|56344000.0|74914000.0|417596000.0|297839000.0|119757000.0|152138000.0|152138000.0|54367000.0|-60438000.0|-60438000.0|-523311000.0|3880000.0|-0.23732354|0.94542353|-6.90949403|1.02105511|38916000.0|38916000.0|2793000.0|0.01096735|84544000.0|300814000.0|1.18121454|-16255000.0
2016-03-31|475958000.0|475958000.0|271206000.0|204752000.0|48703000.0|162528000.0|-66683000.0|-66683000.0|6817000.0|-73500000.0|1183000.0|-74683000.0|0.0|-74683000.0|-74683000.0|0.0|-0.28|-0.28|-0.28|262730000.0|262730000.0|0.0|-11720000.0|6690000.0|-3621000.0|-3482000.0|-18724000.0|-18026000.0|2478000.0|0.0|-13000.0|-34078000.0|229546000.0|211591000.0|17955000.0|36658000.0|36658000.0|105959000.0|451000.0|62021000.0|356485000.0|179656000.0|176829000.0|134962000.0|134962000.0|46136000.0|-126939000.0|-126939000.0|-597994000.0|3844000.0|-0.48315381|1.17775638|-2.80831738|1.0|-59993000.0|-59993000.0|-15202000.0|-0.05786168|147743000.0|229095000.0|0.87197884|31935000.0
