Date|REVENUE|REVENUEUSD|COR|GP|RND|SGNA|EBIT|EBITUSD|INTEXP|EBT|TAXEXP|NETINC|PREFDIVIS|NETINCCMN|NETINCCMNUSD|NETINCDIS|EPS|EPSUSD|EPSDIL|SHARESWA|SHARESWADIL|DPS|NCFO|DEPAMOR|NCFI|CAPEX|NCFF|NCFDEBT|NCFCOMMON|NCFDIV|NCFX|NCF|ASSETS|ASSETSC|ASSETSNC|CASHNEQ|CASHNEQUSD|RECEIVABLES|INTANGIBLES|INVENTORY|LIABILITIES|LIABILITIESC|LIABILITIESNC|DEBT|DEBTUSD|PAYABLES|EQUITY|EQUITYUSD|RETEARN|ACCOCI|BVPS|CURRENTRATIO|DE|DILUTIONRATIO|EBITDA|EBITDAUSD|FCF|FCFPS|INVCAP|TANGIBLES|TBVPS|WORKINGCAPITAL
2009-06-30|23155417.0|23155417.0|17837562.0|5317855.0|0.0|4539926.0|852546.0|852546.0|0.0|852546.0|325683.0|526863.0|0.0|526863.0|526863.0|0.0|0.07|0.07|0.07|7033804.0|7033804.0|0.0|1597048.0|128219.0|-25715.0|-25715.0|-115.0|0.0|-115.0|0.0|0.0|1571218.0|10187017.0|9799831.0|387186.0|5460954.0|5460954.0|936214.0|112918.0|3002428.0|3068193.0|3068193.0|0.0|0.0|0.0|713661.0|7118824.0|7118824.0|4851055.0|0.0|1.01208734|3.19400735|0.43099717|1.0|980765.0|980765.0|1571333.0|0.22339733|1544952.0|10074099.0|1.43224051|6731638.0
2010-06-30|19625204.0|19625204.0|14669163.0|4956041.0|0.0|4302063.0|667191.0|667191.0|0.0|667191.0|253125.0|414066.0|0.0|414066.0|414066.0|0.0|0.06|0.06|0.06|7033732.0|7033732.0|0.0|617994.0|75054.0|-17570.0|-17570.0|0.0|0.0|0.0|0.0|0.0|600424.0|9730534.0|9351612.0|378922.0|6061378.0|6061378.0|1185039.0|93739.0|1823059.0|2197644.0|2197644.0|0.0|0.0|0.0|813046.0|7532890.0|7532890.0|5265121.0|0.0|1.07096631|4.25528976|0.29173982|1.0|742245.0|742245.0|600424.0|0.0853635|1377773.0|9636795.0|1.37008277|7153968.0
2011-06-30|21325727.0|21325727.0|16015892.0|5309835.0|0.0|4356358.0|975105.0|975105.0|0.0|975105.0|371332.0|603773.0|0.0|603773.0|603773.0|0.0|0.09|0.09|0.09|7033732.0|7033732.0|0.0|868997.0|55872.0|-23355.0|-23355.0|0.0|0.0|0.0|0.0|0.0|845642.0|10995501.0|10677614.0|317887.0|6907020.0|6907020.0|1227491.0|79279.0|2290904.0|2858838.0|2858838.0|0.0|0.0|0.0|1021054.0|8136663.0|8136663.0|5868894.0|0.0|1.15680595|3.73494895|0.35135264|1.0|1030977.0|1030977.0|845642.0|0.12022664|1150364.0|10916222.0|1.55198151|7818776.0
2012-06-30|22457089.0|22457089.0|16927685.0|5529404.0|0.0|4720666.0|828195.0|828195.0|0.0|828195.0|316506.0|511689.0|0.0|511689.0|511689.0|0.0|0.07|0.07|0.07|7033732.0|7033732.0|0.05|38053.0|49924.0|-65446.0|-65446.0|-351687.0|0.0|0.0|-351687.0|0.0|-379080.0|10872597.0|10555618.0|316979.0|6527940.0|6527940.0|1400773.0|65890.0|2371444.0|2575932.0|2575932.0|0.0|0.0|0.0|922371.0|8296665.0|8296665.0|6028896.0|0.0|1.17955376|4.09778597|0.31047801|1.0|878119.0|878119.0|-27393.0|-0.00389452|1702835.0|10806707.0|1.53641154|7979686.0
2013-06-30|36226584.0|36226584.0|27994178.0|8232406.0|0.0|5661317.0|2586614.0|2586614.0|0.0|2586614.0|979376.0|1607238.0|0.0|1607238.0|1607238.0|0.0|0.23|0.23|0.23|7033732.0|7033732.0|0.6|3660098.0|57865.0|-23540.0|-23540.0|-4220238.0|0.0|0.0|-4220238.0|0.0|-583680.0|11052330.0|10789262.0|263068.0|5944260.0|5944260.0|2240632.0|53199.0|1997818.0|5368665.0|5368665.0|0.0|0.0|0.0|1253426.0|5683665.0|5683665.0|3415896.0|0.0|0.80805823|2.00967317|0.94457801|1.0|2644479.0|2644479.0|3636558.0|0.51701686|-313794.0|10999131.0|1.56376885|5420597.0
2014-06-30|33833418.0|33833418.0|26038664.0|7794754.0|0.0|5196045.0|2604725.0|2604725.0|0.0|2604725.0|984421.0|1620304.0|0.0|1620304.0|1620304.0|0.0|0.23|0.23|0.23|7033732.0|7033732.0|0.4|6158684.0|59870.0|-65110.0|-65110.0|-2813494.0|0.0|0.0|-2813494.0|0.0|3280080.0|13818087.0|13574578.0|243509.0|9224340.0|9224340.0|923788.0|40880.0|2836220.0|9327612.0|9327612.0|0.0|0.0|0.0|4750266.0|4490475.0|4490475.0|2222706.0|0.0|0.63841997|1.45531118|2.07719941|1.0|2664595.0|2664595.0|6093574.0|0.86633582|-4774745.0|13777207.0|1.95873357|4246966.0
2015-06-30|30754570.0|30754570.0|22806878.0|7947692.0|0.0|5269247.0|2682748.0|2682748.0|0.0|2682748.0|1010931.0|1671817.0|0.0|1671817.0|1671817.0|0.0|0.24|0.24|0.24|7033732.0|7033732.0|0.2|-3850599.0|58806.0|-58021.0|-58021.0|-1406746.0|0.0|0.0|-1406746.0|0.0|-5315366.0|9282772.0|9044380.0|238392.0|3908974.0|3908974.0|1924517.0|33482.0|2808910.0|4527226.0|4527226.0|0.0|0.0|0.0|1403583.0|4755546.0|4755546.0|2487777.0|0.0|0.67610566|1.99777524|0.95198869|1.0|2741554.0|2741554.0|-3908620.0|-0.55569646|813090.0|9249290.0|1.31499039|4517154.0
2016-06-30|36015641.0|36015641.0|27803920.0|8211721.0|0.0|5420800.0|2793180.0|2793180.0|0.0|2793180.0|1053140.0|1740040.0|0.0|1740040.0|1740040.0|0.0|0.25|0.25|0.25|7033732.0|7033732.0|0.2|1441234.0|61404.0|-1563.0|-1563.0|-1406746.0|0.0|0.0|-1406746.0|0.0|32925.0|10160757.0|9986267.0|174490.0|3941899.0|3941899.0|1832597.0|26644.0|2627017.0|5071917.0|5071917.0|0.0|0.0|0.0|2886708.0|5088840.0|5088840.0|2821071.0|0.0|0.72349074|1.96893344|0.99667449|1.0|2854584.0|2854584.0|1439671.0|0.20468096|1120297.0|10134113.0|1.44078748|4914350.0
