Date|REVENUE|REVENUEUSD|COR|GP|RND|SGNA|EBIT|EBITUSD|INTEXP|EBT|TAXEXP|NETINC|PREFDIVIS|NETINCCMN|NETINCCMNUSD|NETINCDIS|EPS|EPSUSD|EPSDIL|SHARESWA|SHARESWADIL|DPS|NCFO|DEPAMOR|NCFI|CAPEX|NCFF|NCFDEBT|NCFCOMMON|NCFDIV|NCFX|NCF|ASSETS|ASSETSC|ASSETSNC|CASHNEQ|CASHNEQUSD|RECEIVABLES|INTANGIBLES|INVENTORY|LIABILITIES|LIABILITIESC|LIABILITIESNC|DEBT|DEBTUSD|PAYABLES|EQUITY|EQUITYUSD|RETEARN|ACCOCI|BVPS|CURRENTRATIO|DE|DILUTIONRATIO|EBITDA|EBITDAUSD|FCF|FCFPS|INVCAP|TANGIBLES|TBVPS|WORKINGCAPITAL
2009-03-31|377304000.0|377304000.0|111269000.0|266035000.0|0.0|9534000.0|-562440000.0|-562440000.0|48919000.0|-611359000.0|520000.0|-611879000.0|0.0|-611879000.0|-611879000.0|0.0|-4.39|-4.39|-4.39|142221335.0||1.82|-14854000.0|0.0|0.0|0.0|-393530000.0|-531249000.0|369589000.0|-231233000.0|8000.0|-408384000.0|2548639000.0|||5914000.0|5914000.0|50207000.0|0.0|0.0|1152501000.0|||1057601000.0|1057601000.0|90558000.0|1396138000.0|1396138000.0|-24637000.0|-931572000.0|9.81665655||0.82549218||-562440000.0|-562440000.0|-14854000.0|-0.10444284|3600326000.0|2548639000.0|17.92022976|
2010-03-31|340238000.0|340238000.0|103922000.0|236316000.0|0.0|10108000.0|288988000.0|288988000.0|24480000.0|264508000.0|1218000.0|263290000.0|0.0|263290000.0|263290000.0|0.0|1.65|1.65|1.65|176213918.0||1.1|386603000.0|0.0|0.0|0.0|94362000.0|-31378000.0|280823000.0|-154465000.0|13000.0|480965000.0|3465116000.0|||456868000.0|456868000.0|99881000.0|0.0|0.0|1692310000.0|||1060616000.0|1060616000.0|626844000.0|1772806000.0|1772806000.0|-478392000.0|-394665000.0|10.06053336||0.95459402||288988000.0|288988000.0|386603000.0|2.19394134|4068864000.0|3465116000.0|19.6642583|
2011-03-31|358779000.0|358779000.0|107624000.0|251155000.0|0.0|11958000.0|228437000.0|228437000.0|48025000.0|180412000.0|0.0|180412000.0|0.0|180412000.0|180412000.0|0.0|0.93|0.93|0.93|195501549.0||1.12|-476368000.0|0.0|0.0|0.0|-4853000.0|-6281000.0|204275000.0|-190829000.0|-10000.0|-481221000.0|3148813000.0|||5471000.0|5471000.0|64854000.0|0.0|0.0|1187782000.0|||1053443000.0|1053443000.0|129378000.0|1961031000.0|1961031000.0|-657316000.0|-253408000.0|10.03076963||0.60569262||228437000.0|228437000.0|-476368000.0|-2.43664566|4196785000.0|3148813000.0|16.10633274|
2012-03-31|357584000.0|357584000.0|99972000.0|257612000.0|0.0|18510000.0|-19904000.0|-19904000.0|66360000.0|-86264000.0|0.0|-86264000.0|0.0|-86264000.0|-86264000.0|0.0|-0.44|-0.44|-0.44|197043398.0||1.04|237825000.0|0.0|0.0|0.0|-241499000.0|-35822000.0|0.0|-204861000.0|-2000.0|-3674000.0|2775263000.0|||1665000.0|1665000.0|76913000.0|0.0|0.0|1090032000.0|||1009337000.0|1009337000.0|73913000.0|1685231000.0|1685231000.0|-1030322000.0|-170971000.0|8.55258799||0.64681459||-19904000.0|-19904000.0|237825000.0|1.20696761|3782935000.0|2775263000.0|14.0845267|
2013-03-31|331994000.0|331994000.0|96861000.0|235133000.0|0.0|12358000.0|162671000.0|162671000.0|58200000.0|104471000.0|0.0|104471000.0|0.0|104471000.0|104471000.0|0.0|0.51|0.51|0.51|202891351.0||0.8|-19929000.0|0.0|0.0|0.0|23446000.0|153160000.0|50000000.0|-161144000.0|2000.0|3517000.0|2944312000.0|||3902000.0|3902000.0|60406000.0|0.0|0.0|1266923000.0|||1156067000.0|1156067000.0|105120000.0|1677389000.0|1677389000.0|-1097263000.0|-159187000.0|8.26742486||0.75529469||162671000.0|162671000.0|-19929000.0|-0.09822499|4096477000.0|2944312000.0|14.51176694|
2014-03-31|381346000.0|381346000.0|109743000.0|271603000.0|0.0|13857000.0|339511000.0|339511000.0|68639000.0|270872000.0|0.0|270872000.0|0.0|270872000.0|270872000.0|0.0|1.21|1.21|1.18|224741351.0||0.8|-292777000.0|0.0|0.0|0.0|301300000.0|202958000.0|285543000.0|-175423000.0|16000.0|8539000.0|3641951000.0|||13413000.0|13413000.0|116651000.0|0.0|0.0|1590340000.0|||1372261000.0|1372261000.0|212351000.0|2051611000.0|2051611000.0|-1187400000.0|16945000.0|9.12876509||0.77516644||339511000.0|339511000.0|-292777000.0|-1.30272866|5000799000.0|3641951000.0|16.20507745|
2015-03-31|433631000.0|433631000.0|126783000.0|306848000.0|0.0|15393000.0|154751000.0|154751000.0|79329000.0|75422000.0|0.0|75422000.0|0.0|75422000.0|75422000.0|0.0|0.32|0.32|0.32|236741351.0||0.8|43041000.0|0.0|0.0|0.0|-49137000.0|145106000.0|-32000.0|-189393000.0|-223000.0|-6319000.0|3560891000.0|||3766000.0|3766000.0|163621000.0|0.0|0.0|1623283000.0|||1498759000.0|1498759000.0|111296000.0|1937608000.0|1937608000.0|-1138106000.0|-122238000.0|8.1844933||0.83777678||154751000.0|154751000.0|43041000.0|0.18180601|5055884000.0|3560891000.0|15.04127177|
2016-03-31|379745000.0|379745000.0|110119000.0|269626000.0|0.0|15194000.0|36324000.0|36324000.0|80850000.0|-44526000.0|0.0|-44526000.0|0.0|-44526000.0|-44526000.0|0.0|-0.19|-0.19|-0.19|233400951.0||0.8|436194000.0|0.0|0.0|0.0|-425941000.0|-170447000.0|-62437000.0|-187181000.0|235000.0|10488000.0|3078637000.0|||16521000.0|16521000.0|118883000.0|0.0|0.0|1433056000.0|||1312960000.0|1312960000.0|108890000.0|1645581000.0|1645581000.0|-1216910000.0|-164657000.0|7.05044685||0.87085109||36324000.0|36324000.0|436194000.0|1.86886128|4375076000.0|3078637000.0|13.19033614|
