Date|REVENUE|REVENUEUSD|COR|GP|RND|SGNA|EBIT|EBITUSD|INTEXP|EBT|TAXEXP|NETINC|PREFDIVIS|NETINCCMN|NETINCCMNUSD|NETINCDIS|EPS|EPSUSD|EPSDIL|SHARESWA|SHARESWADIL|DPS|NCFO|DEPAMOR|NCFI|CAPEX|NCFF|NCFDEBT|NCFCOMMON|NCFDIV|NCFX|NCF|ASSETS|ASSETSC|ASSETSNC|CASHNEQ|CASHNEQUSD|RECEIVABLES|INTANGIBLES|INVENTORY|LIABILITIES|LIABILITIESC|LIABILITIESNC|DEBT|DEBTUSD|PAYABLES|EQUITY|EQUITYUSD|RETEARN|ACCOCI|BVPS|CURRENTRATIO|DE|DILUTIONRATIO|EBITDA|EBITDAUSD|FCF|FCFPS|INVCAP|TANGIBLES|TBVPS|WORKINGCAPITAL
2009-06-30|35207997.0|35207997.0|14712066.0|20495931.0|0.0|3405918.0|17428416.0|17428416.0|632446.0|16795970.0|2331548.0|14464422.0|0.0|14464422.0|14464422.0|0.0|0.78|0.78|0.78|18478474.0|18532591.0|0.0|7184086.0|1603014.0|-5097721.0|-5097721.0|-926957.0|-1036770.0|0.0|0.0|23623.0|1183031.0|61618426.0|33593958.0|28024468.0|17879026.0|17879026.0|8262970.0|1073165.0|7162249.0|28977554.0|8458299.0|20519255.0|3170290.0|3170290.0|2049211.0|32640872.0|32640872.0|24642768.0|2457130.0|1.76642682|3.97171559|0.88776899|1.00292865|19031430.0|19031430.0|2086365.0|0.11290786|37378226.0|60545261.0|3.27652927|25135659.0
2010-06-30|52090752.0|52090752.0|21138552.0|30952200.0|0.0|6025579.0|25196749.0|25196749.0|112475.0|25084274.0|3794516.0|21289758.0|0.0|21289758.0|21289758.0|0.0|0.91|0.91|0.91|23468246.0|23468246.0|0.0|12232035.0|2598117.0|-16524693.0|-5805040.0|48451548.0|-3178477.0|53778748.0|0.0|381100.0|44539990.0|131787942.0|89478076.0|42309866.0|62335437.0|62335437.0|15793168.0|11585570.0|11262647.0|3250020.0|3250020.0|0.0|0.0|0.0|396288.0|128537922.0|128537922.0|43536408.0|3356611.0|5.47709965|27.53154627|0.02528452|1.0|27794866.0|27794866.0|6426995.0|0.2738592|54616915.0|120202372.0|5.12191546|86228056.0
2011-06-30|179717966.0|179717966.0|116097931.0|63620035.0|0.0|21508604.0|42418157.0|42418157.0|466912.0|41951245.0|9037144.0|32914101.0|0.0|32914101.0|32914101.0|0.0|1.27|1.27|1.27|25929517.0|25929517.0|0.0|33647469.0|5748258.0|-32966702.0|-26246163.0|0.0|0.0|0.0|0.0|2590209.0|3270976.0|223370987.0|118881464.0|104489523.0|65606413.0|65606413.0|29005521.0|33465874.0|23732404.0|31497746.0|31497746.0|0.0|4099550.0|4099550.0|6051665.0|191873241.0|191873241.0|72287436.0|10903756.0|7.39980004|3.7742848|0.16415914|1.0|48166415.0|48166415.0|7401306.0|0.28543941|96900504.0|189905113.0|7.32389705|87383718.0
2012-06-30|217524205.0|217524205.0|138248972.0|79275233.0|0.0|25350223.0|54349758.0|54349758.0|1590620.0|52759138.0|10801313.0|41957825.0|0.0|41957825.0|41957825.0|0.0|1.56|1.56|1.56|26943530.0|26943530.0|0.0|6400398.0|5992866.0|-11883947.0|-11883947.0|10278376.0|9978375.0|300001.0|0.0|1577390.0|6372217.0|288031053.0|175089323.0|112941730.0|71978630.0|71978630.0|74208483.0|32694450.0|28602684.0|45774399.0|45774399.0|0.0|13931280.0|13931280.0|7252467.0|242256654.0|242256654.0|109142824.0|15780507.0|8.99127375|3.82504908|0.18895002|1.0|60342624.0|60342624.0|-5483549.0|-0.20352007|151514854.0|255336603.0|9.47673163|129314924.0
2013-06-30|216897956.0|216897956.0|137514102.0|79383854.0|0.0|23998392.0|56309193.0|56309193.0|1351157.0|54958036.0|10183988.0|44774048.0|0.0|44774048.0|44774048.0|0.0|1.61|1.61|1.61|27775964.0|27775964.0|0.0|32090827.0|14764046.0|-32449255.0|-32449255.0|1839915.0|1839915.0|0.0|0.0|1571372.0|3052859.0|348728342.0|227164937.0|121563405.0|75031489.0|75031489.0|105547648.0|31792772.0|34511167.0|51875050.0|51875050.0|0.0|16099100.0|16099100.0|4679346.0|296853292.0|296853292.0|148925125.0|21813410.0|10.68741636|4.3790789|0.17474979|1.0|71073239.0|71073239.0|-358428.0|-0.01290425|206128131.0|316935570.0|11.41042558|175289887.0
2014-06-30|233402088.0|233402088.0|142203315.0|91198773.0|0.0|50719298.0|34956470.0|34956470.0|1380829.0|33575641.0|8060946.0|25514695.0|0.0|25514695.0|25514695.0|0.0|0.81|0.81|0.81|31403001.0|31403001.0|0.0|16612352.0|33261249.0|-73664165.0|-73664165.0|8513240.0|8513240.0|0.0|0.0|397405.0|-48141168.0|393110210.0|228212666.0|164897544.0|26890321.0|26890321.0|127983376.0|30429129.0|75486898.0|61070418.0|61070418.0|0.0|24002720.0|24002720.0|5136584.0|332039792.0|332039792.0|172021331.0|22840491.0|10.57350512|3.73687742|0.183925|1.0|68217719.0|68217719.0|-57051813.0|-1.81676309|298723062.0|362681081.0|11.5492491|167142248.0
2015-06-30|263354288.0|263354288.0|159398386.0|103955902.0|0.0|62242978.0|42074580.0|42074580.0|1712639.0|40361941.0|8916815.0|31445126.0|0.0|31445126.0|31445126.0|0.0|0.93|0.93|0.93|33983698.0|33983698.0|0.1|67534917.0|47709523.0|-3094544.0|-9685678.0|1125649.0|-286040.0|3573593.0|-2161904.0|526221.0|66092243.0|429582618.0|304184346.0|125398272.0|92982564.0|92982564.0|109439435.0|29051389.0|101302947.0|56633144.0|56633144.0|0.0|23605540.0|23605540.0|4440232.0|372949474.0|372949474.0|198814259.0|25708238.0|10.97436406|5.37113649|0.15185205|1.0|89784103.0|89784103.0|57849239.0|1.70226439|274521061.0|400531229.0|11.7859813|247551202.0
2016-06-30|268785020.0|268785020.0|175755689.0|93029331.0|0.0|60437412.0|33072119.0|33072119.0|995959.0|32076160.0|7371967.0|24704193.0|0.0|24704193.0|24704193.0|0.0|0.67|0.67|0.67|36703576.0|36703576.0|0.0|34358655.0|40311189.0|689545.0|-19192.0|-17102600.0|-17102600.0|0.0|0.0|-8031678.0|9913922.0|418782527.0|335581234.0|83201293.0|102896486.0|102896486.0|143919335.0|31820886.0|87436315.0|48298195.0|48298195.0|0.0|11337269.0|11337269.0|7719157.0|370484332.0|370484332.0|221345279.0|-5696388.0|10.09395738|6.94811129|0.13036501|1.0|73383308.0|73383308.0|34339463.0|0.93558903|247104229.0|386961641.0|10.54288664|287283039.0
