Date|REVENUE|REVENUEUSD|COR|GP|RND|SGNA|EBIT|EBITUSD|INTEXP|EBT|TAXEXP|NETINC|PREFDIVIS|NETINCCMN|NETINCCMNUSD|NETINCDIS|EPS|EPSUSD|EPSDIL|SHARESWA|SHARESWADIL|DPS|NCFO|DEPAMOR|NCFI|CAPEX|NCFF|NCFDEBT|NCFCOMMON|NCFDIV|NCFX|NCF|ASSETS|ASSETSC|ASSETSNC|CASHNEQ|CASHNEQUSD|RECEIVABLES|INTANGIBLES|INVENTORY|LIABILITIES|LIABILITIESC|LIABILITIESNC|DEBT|DEBTUSD|PAYABLES|EQUITY|EQUITYUSD|RETEARN|ACCOCI|BVPS|CURRENTRATIO|DE|DILUTIONRATIO|EBITDA|EBITDAUSD|FCF|FCFPS|INVCAP|TANGIBLES|TBVPS|WORKINGCAPITAL
2009-06-30|2073000000.0|2073000000.0|1510100000.0|562900000.0|0.0|212900000.0|346200000.0|346200000.0|0.0|346200000.0|122900000.0|223300000.0|0.0|223300000.0|223300000.0|0.0|1.6|1.6|1.58|140000000.0|141600000.0|0.28|358800000.0|53700000.0|-90700000.0|-29900000.0|-188600000.0|-114400000.0|-28500000.0|-37900000.0|3100000.0|82600000.0|2774700000.0|2051800000.0|722900000.0|173400000.0|173400000.0|381000000.0|511200000.0|0.0|1865700000.0|1429900000.0|435800000.0|324100000.0|324100000.0|72000000.0|909000000.0|909000000.0|432300000.0|6900000.0|6.49285714|1.43492552|2.05247525|1.01142857|399900000.0|399900000.0|328900000.0|2.34928571|984300000.0|2263500000.0|16.16785714|621900000.0
2010-06-30|2209200000.0|2209200000.0|1616400000.0|592800000.0|0.0|241600000.0|307000000.0|307000000.0|0.0|307000000.0|117000000.0|190000000.0|0.0|190000000.0|190000000.0|35100000.0|1.4|1.4|1.37|135900000.0|139100000.0|0.56|493600000.0|57000000.0|-88300000.0|-53100000.0|-273700000.0|0.0|-211700000.0|-66600000.0|100000.0|131700000.0|1794400000.0|992400000.0|802000000.0|412600000.0|412600000.0|354300000.0|555600000.0|0.0|987300000.0|486400000.0|500900000.0|324100000.0|324100000.0|91300000.0|807100000.0|807100000.0|546900000.0|-1400000.0|5.93892568|2.04029605|1.22326849|1.02354673|364000000.0|364000000.0|440500000.0|3.24135394|663900000.0|1238800000.0|9.11552612|506000000.0
2011-06-30|2166900000.0|2166900000.0|1617100000.0|549800000.0|0.0|270000000.0|267500000.0|267500000.0|0.0|267500000.0|97900000.0|169600000.0|0.0|169600000.0|169600000.0|2200000.0|1.36|1.36|1.32|124800000.0|128300000.0|0.6|214300000.0|72300000.0|-340800000.0|-47300000.0|-52500000.0|200000000.0|-174300000.0|-74800000.0|7900000.0|-171100000.0|1904000000.0|751400000.0|1152600000.0|241500000.0|241500000.0|406600000.0|882800000.0|0.0|1106700000.0|782700000.0|324000000.0|524300000.0|524300000.0|119000000.0|797300000.0|797300000.0|642200000.0|16100000.0|6.38862179|0.96001022|1.3880597|1.02804487|339800000.0|339800000.0|167000000.0|1.33814103|521300000.0|1021200000.0|8.18269231|-31300000.0
2012-06-30|2303500000.0|2303500000.0|1715100000.0|588400000.0|0.0|299900000.0|199500000.0|199500000.0|0.0|199500000.0|75900000.0|123600000.0|0.0|123600000.0|123600000.0|1400000.0|1.0|1.0|0.97|124100000.0|127500000.0|0.64|284200000.0|92000000.0|-110500000.0|-46700000.0|-88700000.0|0.0|-8000000.0|-78100000.0|-6000000.0|79000000.0|1987600000.0|777400000.0|1210200000.0|320500000.0|320500000.0|370700000.0|923300000.0|0.0|1137100000.0|410300000.0|726800000.0|524400000.0|524400000.0|102200000.0|850500000.0|850500000.0|686100000.0|3500000.0|6.85334408|1.89471119|1.33697825|1.02739726|291500000.0|291500000.0|237500000.0|1.91377921|857900000.0|1064300000.0|8.57614827|367100000.0
2013-06-30|2430800000.0|2430800000.0|1767800000.0|663000000.0|0.0|323600000.0|323200000.0|323200000.0|0.0|323200000.0|111100000.0|212100000.0|0.0|212100000.0|212100000.0|0.0|1.74|1.74|1.69|121900000.0|125400000.0|0.72|270900000.0|93400000.0|-52000000.0|-50900000.0|-273200000.0|0.0|-192200000.0|-85800000.0|-200000.0|-54500000.0|2018200000.0|807000000.0|1211200000.0|266000000.0|266000000.0|442400000.0|899000000.0|0.0|1202200000.0|469500000.0|732700000.0|524500000.0|524500000.0|143100000.0|816000000.0|816000000.0|811300000.0|4200000.0|6.69401148|1.71884984|1.47328431|1.02871206|416600000.0|416600000.0|220000000.0|1.804758|908200000.0|1119200000.0|9.18129614|337500000.0
2014-06-30|2558000000.0|2558000000.0|1761400000.0|796600000.0|0.0|378400000.0|395500000.0|395500000.0|0.0|395500000.0|132500000.0|263000000.0|0.0|263000000.0|263000000.0|0.0|2.2|2.2|2.12|119600000.0|124100000.0|0.84|387700000.0|97400000.0|-150300000.0|-40300000.0|-158900000.0|-500000.0|-80200000.0|-96700000.0|3100000.0|81600000.0|2192100000.0|880600000.0|1311500000.0|347600000.0|347600000.0|424800000.0|986100000.0|0.0|1230400000.0|484400000.0|746000000.0|524100000.0|524100000.0|116300000.0|961700000.0|961700000.0|973900000.0|10300000.0|8.0409699|1.81791908|1.27940106|1.03762542|492900000.0|492900000.0|347400000.0|2.90468227|898100000.0|1206000000.0|10.08361204|396200000.0
2015-06-30|2694200000.0|2694200000.0|1828200000.0|866000000.0|0.0|399100000.0|438900000.0|438900000.0|0.0|438900000.0|151800000.0|287100000.0|0.0|287100000.0|287100000.0|0.0|2.39|2.39|2.32|119900000.0|124000000.0|1.08|431400000.0|104300000.0|-276400000.0|-50300000.0|-158300000.0|165000000.0|-239600000.0|-122300000.0|-20200000.0|-23500000.0|2368100000.0|861400000.0|1506700000.0|324100000.0|324100000.0|444500000.0|1166200000.0|0.0|1440300000.0|508900000.0|931400000.0|689400000.0|689400000.0|115900000.0|927800000.0|927800000.0|1132000000.0|-20900000.0|7.7381151|1.69267047|1.55238198|1.03419516|543200000.0|543200000.0|381100000.0|3.17848207|1058300000.0|1201900000.0|10.02418682|352500000.0
2016-06-30|2897000000.0|2897000000.0|1975900000.0|921100000.0|0.0|420900000.0|468900000.0|468900000.0|0.0|468900000.0|161400000.0|307500000.0|0.0|307500000.0|307500000.0|0.0|2.6|2.6|2.53|118300000.0|121600000.0|1.2|437700000.0|111000000.0|-136900000.0|-57700000.0|108600000.0|332900000.0|-95000000.0|-138200000.0|-5700000.0|403700000.0|2872700000.0|1289100000.0|1583600000.0|727700000.0|727700000.0|453400000.0|1209600000.0|0.0|1827300000.0|692900000.0|1134400000.0|1015500000.0|1015500000.0|133200000.0|1045500000.0|1045500000.0|1297800000.0|-38200000.0|8.83770076|1.86044162|1.74777618|1.02789518|579900000.0|579900000.0|380000000.0|3.21217244|1258000000.0|1663100000.0|14.05832629|596200000.0
