Date|REVENUE|REVENUEUSD|COR|GP|RND|SGNA|EBIT|EBITUSD|INTEXP|EBT|TAXEXP|NETINC|PREFDIVIS|NETINCCMN|NETINCCMNUSD|NETINCDIS|EPS|EPSUSD|EPSDIL|SHARESWA|SHARESWADIL|DPS|NCFO|DEPAMOR|NCFI|CAPEX|NCFF|NCFDEBT|NCFCOMMON|NCFDIV|NCFX|NCF|ASSETS|ASSETSC|ASSETSNC|CASHNEQ|CASHNEQUSD|RECEIVABLES|INTANGIBLES|INVENTORY|LIABILITIES|LIABILITIESC|LIABILITIESNC|DEBT|DEBTUSD|PAYABLES|EQUITY|EQUITYUSD|RETEARN|ACCOCI|BVPS|CURRENTRATIO|DE|DILUTIONRATIO|EBITDA|EBITDAUSD|FCF|FCFPS|INVCAP|TANGIBLES|TBVPS|WORKINGCAPITAL
2009-03-31|903297000.0|903297000.0|386793000.0|516504000.0|115524000.0|161218000.0|261519000.0|261519000.0|29440000.0|232079000.0|-13508000.0|245587000.0|0.0|245587000.0|245587000.0|0.0|1.34|1.34|1.31|183158000.0|186788000.0|1.35|308653000.0|96046000.0|-19827000.0|-102370000.0|-330233000.0|0.0|-90374000.0|-246657000.0|0.0|-41407000.0|2405711000.0|1742789000.0|662922000.0|446329000.0|446329000.0|88525000.0|61883000.0|131510000.0|915400000.0|155645000.0|759755000.0|334184000.0|334184000.0|29228000.0|1490311000.0|1490311000.0|1299250000.0|4312000.0|8.13675078|11.19720518|0.61423421|1.01981895|357565000.0|357565000.0|206283000.0|1.12625711|2076038000.0|2343828000.0|12.79675471|1587144000.0
2010-03-31|947729000.0|947729000.0|413487000.0|534242000.0|120823000.0|167222000.0|268963000.0|268963000.0|31150000.0|237813000.0|20808000.0|217005000.0|0.0|217005000.0|217005000.0|0.0|1.18|1.18|1.16|183642000.0|187339000.0|1.36|452047000.0|90057000.0|-195262000.0|-47604000.0|-210984000.0|0.0|36478000.0|-249556000.0|0.0|45801000.0|2516313000.0|1610969000.0|905344000.0|492130000.0|492130000.0|137806000.0|75865000.0|116579000.0|982933000.0|203390000.0|779543000.0|340672000.0|340672000.0|44238000.0|1533380000.0|1533380000.0|1266699000.0|3032000.0|8.34983283|7.92059098|0.64102375|1.02013156|359020000.0|359020000.0|404443000.0|2.20234478|2085600000.0|2440448000.0|13.28916043|1407579000.0
2011-03-31|1487205000.0|1487205000.0|605954000.0|881251000.0|170607000.0|222184000.0|482002000.0|482002000.0|31521000.0|450481000.0|31531000.0|418950000.0|0.0|418950000.0|418950000.0|10217000.0|2.24|2.24|2.15|187066000.0|194715000.0|1.37|582661000.0|106612000.0|-187850000.0|-124454000.0|-183017000.0|0.0|71940000.0|-256811000.0|0.0|211794000.0|2968058000.0|1774983000.0|1193075000.0|703924000.0|703924000.0|181202000.0|153947000.0|180800000.0|1155620000.0|340316000.0|815304000.0|347334000.0|347334000.0|68433000.0|1812438000.0|1812438000.0|1428838000.0|3357000.0|9.68876226|5.21569071|0.63760526|1.04088931|588614000.0|588614000.0|458207000.0|2.4494403|2117205000.0|2814111000.0|15.04341249|1434667000.0
2012-03-31|1383176000.0|1383176000.0|583882000.0|799294000.0|182650000.0|208328000.0|413961000.0|413961000.0|34266000.0|379695000.0|42990000.0|336705000.0|0.0|336705000.0|336705000.0|0.0|1.76|1.76|1.65|191283000.0|203519000.0|1.39|411978000.0|99424000.0|-272002000.0|-62370000.0|-208145000.0|0.0|57457000.0|-266178000.0|0.0|-68169000.0|3083776000.0|2015861000.0|1067915000.0|635755000.0|635755000.0|170201000.0|183949000.0|217278000.0|1093103000.0|247873000.0|845230000.0|355050000.0|355050000.0|50287000.0|1990673000.0|1990673000.0|1499365000.0|3101000.0|10.406952|8.13263647|0.54911229|1.06396805|513385000.0|513385000.0|349608000.0|1.82770032|2371249000.0|2899827000.0|15.1598783|1767988000.0
2013-03-31|1581623000.0|1581623000.0|743164000.0|838459000.0|254723000.0|261471000.0|193092000.0|193092000.0|40915000.0|152177000.0|24788000.0|127389000.0|0.0|127389000.0|127389000.0|0.0|0.65|0.65|0.62|194595000.0|205776000.0|1.41|459365000.0|204097000.0|-949942000.0|-50818000.0|382170000.0|620000000.0|51365000.0|-273822000.0|986000.0|-107421000.0|3851405000.0|2236370000.0|1615035000.0|528334000.0|528334000.0|229955000.0|801484000.0|242334000.0|1917935000.0|341611000.0|1576324000.0|983385000.0|983385000.0|75551000.0|1933470000.0|1933470000.0|1352932000.0|6935000.0|9.9358668|6.54653978|0.99196522|1.0574578|397189000.0|397189000.0|408547000.0|2.09947326|3163361000.0|3049921000.0|15.67317249|1894759000.0
2014-03-31|1931217000.0|1931217000.0|802474000.0|1128743000.0|305043000.0|267278000.0|481070000.0|481070000.0|48716000.0|432354000.0|37073000.0|395281000.0|0.0|395281000.0|395281000.0|0.0|1.99|1.99|1.82|198291000.0|217630000.0|1.42|676564000.0|189139000.0|-503279000.0|-113072000.0|-235016000.0|29546000.0|60086000.0|-281204000.0|0.0|-61731000.0|4067630000.0|1969399000.0|2098231000.0|466603000.0|466603000.0|242405000.0|721596000.0|262725000.0|1932169000.0|336079000.0|1596090000.0|1020758000.0|1020758000.0|74050000.0|2135461000.0|2135461000.0|1467009000.0|1051000.0|10.76932892|5.85992877|0.90480182|1.09752838|670209000.0|670209000.0|563492000.0|2.84174269|3564110000.0|3346034000.0|16.87436142|1633320000.0
2015-03-31|2147036000.0|2147036000.0|917472000.0|1229564000.0|349543000.0|274815000.0|411625000.0|411625000.0|62034000.0|349591000.0|-19418000.0|369009000.0|0.0|369009000.0|369009000.0|0.0|1.84|1.84|1.65|200937000.0|223561000.0|1.42|721182000.0|278298000.0|-678317000.0|-149472000.0|98548000.0|401727000.0|34433000.0|-286478000.0|-201000.0|141212000.0|4780713000.0|2664617000.0|2116096000.0|607815000.0|607815000.0|273937000.0|1075688000.0|279456000.0|2719687000.0|353972000.0|2365715000.0|1826858000.0|1826858000.0|86866000.0|2044654000.0|2044654000.0|1549540000.0|11076000.0|10.17559733|7.52776208|1.33014534|1.1125925|689923000.0|689923000.0|571710000.0|2.84522014|4570096000.0|3705025000.0|18.43873951|2310645000.0
2016-03-31|2173334000.0|2173334000.0|967870000.0|1205464000.0|372596000.0|301670000.0|385518000.0|385518000.0|104018000.0|281500000.0|-42632000.0|324132000.0|0.0|324132000.0|324132000.0|0.0|1.59|1.59|1.49|203384000.0|217388000.0|1.43|744483000.0|283171000.0|800397000.0|-97895000.0|-59944000.0|589372000.0|-335111000.0|-291087000.0|0.0|1484936000.0|5537883000.0|3096713000.0|2441170000.0|2092751000.0|2092751000.0|290183000.0|1619001000.0|306815000.0|3386964000.0|382009000.0|3004955000.0|2453405000.0|2453405000.0|79312000.0|2150919000.0|2150919000.0|1582585000.0|-3357000.0|10.57565492|8.10638755|1.57465902|1.06885497|668689000.0|668689000.0|646588000.0|3.1791488|3897527000.0|3918882000.0|19.26838886|2714704000.0
