Date|REVENUE|REVENUEUSD|COR|GP|RND|SGNA|EBIT|EBITUSD|INTEXP|EBT|TAXEXP|NETINC|PREFDIVIS|NETINCCMN|NETINCCMNUSD|NETINCDIS|EPS|EPSUSD|EPSDIL|SHARESWA|SHARESWADIL|DPS|NCFO|DEPAMOR|NCFI|CAPEX|NCFF|NCFDEBT|NCFCOMMON|NCFDIV|NCFX|NCF|ASSETS|ASSETSC|ASSETSNC|CASHNEQ|CASHNEQUSD|RECEIVABLES|INTANGIBLES|INVENTORY|LIABILITIES|LIABILITIESC|LIABILITIESNC|DEBT|DEBTUSD|PAYABLES|EQUITY|EQUITYUSD|RETEARN|ACCOCI|BVPS|CURRENTRATIO|DE|DILUTIONRATIO|EBITDA|EBITDAUSD|FCF|FCFPS|INVCAP|TANGIBLES|TBVPS|WORKINGCAPITAL
2009-04-30|9833101.0|9833101.0|4115694.0|5717407.0|7075640.0|10654958.0|-16108457.0|-16108457.0|11676.0|-16120133.0|0.0|-16120133.0|0.0|-16120133.0|-16120133.0|0.0|-5.8|-5.8|-5.8|2788619.0|2788619.0|0.0|-6535523.0|2601179.0|-99425.0|-71145.0|3752835.0|0.0|3752835.0|0.0|-409568.0|-3291681.0|15838452.0|5909760.0|9928692.0|3046199.0|3046199.0|2524220.0|9463882.0|0.0|4257082.0|4103491.0|153591.0|0.0|0.0|3248215.0|11581370.0|11581370.0|-34427762.0|-2738143.0|4.15308438|1.44017862|0.36758017|1.0|-13507278.0|-13507278.0|-6606668.0|-2.36915405|-775120.0|6374570.0|2.28592361|1806269.0
2010-04-30|8016857.0|8016857.0|2825480.0|5191377.0|3586425.0|6753423.0|-5350718.0|-5350718.0|2599.0|-5353317.0|0.0|-5353317.0|0.0|-5353317.0|-5353317.0|0.0|-1.7|-1.7|-1.7|3106745.0|3106745.0|0.0|-3503080.0|1151110.0|-17173.0|-53641.0|1896082.0|0.0|1896082.0|0.0|249052.0|-1375119.0|14939117.0|4252772.0|10686345.0|1658807.0|1658807.0|2345633.0|10414384.0|0.0|3198391.0|3095139.0|103252.0|0.0|0.0|2313688.0|11740726.0|11740726.0|-39781079.0|-413682.0|3.77910836|1.37401648|0.2724185|1.0|-4199608.0|-4199608.0|-3556721.0|-1.14483841|-229213.0|4524733.0|1.4564224|1157633.0
2011-04-30|11040298.0|11040298.0|2864838.0|8175460.0|4469979.0|7492614.0|-3461966.0|-3461966.0|80365.0|-3542331.0|0.0|-3542331.0|0.0|-3542331.0|-3542331.0|0.0|-1.1|-1.1|-1.1|3319175.0|3319175.0|0.0|-1369630.0|988557.0|-132005.0|-83304.0|1660373.0|1464800.0|195573.0|0.0|-8154.0|150584.0|15210969.0|4835997.0|10374972.0|1866830.0|1866830.0|3018188.0|10107657.0|0.0|4854460.0|3448409.0|1406051.0|1305002.0|1305002.0|2340897.0|10356509.0|10356509.0|-43323410.0|225878.0|3.12020577|1.40238498|0.46873517|1.0|-2473409.0|-2473409.0|-1452934.0|-0.4377395|1093075.0|5103312.0|1.53752423|1387588.0
2012-04-30|14083496.0|14083496.0|2818569.0|11264927.0|4782908.0|7901850.0|-1950901.0|-1950901.0|172460.0|-2123361.0|0.0|-2123361.0|0.0|-2123361.0|-2123361.0|0.0|-0.5|-0.5|-0.5|3879207.0|3879207.0|0.0|-301331.0|895955.0|-81743.0|-150727.0|6718987.0|0.0|7324909.0|0.0|110829.0|6446742.0|21543944.0|12339167.0|9204777.0|8216660.0|8216660.0|4014472.0|8996830.0|0.0|6005084.0|5850427.0|154657.0|0.0|0.0|2416489.0|15538860.0|15538860.0|-45446771.0|-79859.0|4.00567951|2.10910537|0.38645589|1.0|-1054946.0|-1054946.0|-452058.0|-0.11653361|-1519973.0|12547114.0|3.23445333|6488740.0
2013-04-30|15239923.0|15239923.0|2276777.0|12963146.0|5503928.0|8915506.0|473415.0|473415.0|1135.0|472280.0|0.0|472280.0|0.0|472280.0|472280.0|0.0|0.1|0.1|-0.1|4151912.0|4163703.0|0.0|-604466.0|226026.0|-296555.0|-254699.0|3979006.0|0.0|3994598.0|0.0|-2529.0|3075456.0|25055877.0|16009806.0|9046071.0|11354755.0|11354755.0|4640620.0|8660930.0|0.0|4128268.0|3999583.0|128685.0|0.0|0.0|2363311.0|20927609.0|20927609.0|-44974491.0|-330920.0|5.04047509|4.0028688|0.1972642|1.0028399|699441.0|699441.0|-859165.0|-0.20693237|1040609.0|16394947.0|3.94877035|12010223.0
2014-04-30|11681948.0|11681948.0|2231222.0|9450726.0|5508516.0|9146010.0|-5897079.0|-5897079.0|1732.0|-5898811.0|15736.0|-5914547.0|0.0|-5914547.0|-5914547.0|0.0|-1.4|-1.4|-1.4|4212673.0|4212673.0|0.0|-2651967.0|236443.0|-237515.0|-237515.0|-351365.0|0.0|-266738.0|0.0|-815950.0|-4056797.0|19136890.0|10735916.0|8400974.0|7298065.0|7298065.0|3401491.0|8018578.0|0.0|4056932.0|4031301.0|25631.0|0.0|0.0|2326763.0|15079958.0|15079958.0|-50889038.0|-984128.0|3.57966498|2.66313927|0.26902807|1.0|-5660636.0|-5660636.0|-2889482.0|-0.68590228|-211054.0|11118312.0|2.63925351|6704615.0
2015-04-30|12003083.0|12003083.0|2222071.0|9781012.0|5669217.0|9457715.0|-4440638.0|-4440638.0|1229.0|-4441867.0|0.0|-4441867.0|0.0|-4441867.0|-4441867.0|0.0|-1.05|-1.05|-1.05|4249252.0|4249252.0|0.0|-3336380.0|209382.0|-214514.0|-214514.0|-310959.0|0.0|-310959.0|0.0|-458523.0|-4320376.0|14223164.0|6326187.0|7896977.0|2950089.0|2950089.0|3305466.0|7311449.0|0.0|4304006.0|4245683.0|58323.0|0.0|0.0|2305580.0|9919158.0|9919158.0|-55330905.0|-2392172.0|2.33433037|1.49002811|0.4339084|1.0|-4231256.0|-4231256.0|-3550894.0|-0.83565155|-284057.0|6911715.0|1.62657216|2080504.0
2016-04-30|11081358.0|11081358.0|1667087.0|9414271.0|4737055.0|7519025.0|-2689285.0|-2689285.0|2310.0|-2691595.0|0.0|-2691595.0|0.0|-2691595.0|-2691595.0|0.0|-0.61|-0.61|-0.61|4433402.0|4433402.0|0.0|-2105823.0|199335.0|-41431.0|-27692.0|1481692.0|0.0|1481692.0|0.0|-27122.0|-692684.0|12966131.0|5553661.0|7412470.0|2253606.0|2253606.0|3209279.0|7001228.0|0.0|3861647.0|3815705.0|45942.0|0.0|0.0|1943108.0|9104484.0|9104484.0|-58022500.0|-2942640.0|2.0536112|1.45547441|0.42414782|1.0|-2489950.0|-2489950.0|-2133515.0|-0.48123653|-104408.0|5964903.0|1.345446|1737956.0
