Date|REVENUE|REVENUEUSD|COR|GP|RND|SGNA|EBIT|EBITUSD|INTEXP|EBT|TAXEXP|NETINC|PREFDIVIS|NETINCCMN|NETINCCMNUSD|NETINCDIS|EPS|EPSUSD|EPSDIL|SHARESWA|SHARESWADIL|DPS|NCFO|DEPAMOR|NCFI|CAPEX|NCFF|NCFDEBT|NCFCOMMON|NCFDIV|NCFX|NCF|ASSETS|ASSETSC|ASSETSNC|CASHNEQ|CASHNEQUSD|RECEIVABLES|INTANGIBLES|INVENTORY|LIABILITIES|LIABILITIESC|LIABILITIESNC|DEBT|DEBTUSD|PAYABLES|EQUITY|EQUITYUSD|RETEARN|ACCOCI|BVPS|CURRENTRATIO|DE|DILUTIONRATIO|EBITDA|EBITDAUSD|FCF|FCFPS|INVCAP|TANGIBLES|TBVPS|WORKINGCAPITAL
2009-03-31|13326649.0|13326649.0|6976346.0|6350303.0|3009294.0|2917349.0|427866.0|427866.0|46390.0|381476.0|185239.0|196237.0|0.0|196237.0|196237.0|0.0|0.08|0.08|0.08|2448607.0|2448607.0|0.0|-126392.0|186691.0|-121046.0|-121046.0|240388.0|167578.0|72810.0|0.0|0.0|131981.0|7505389.0|6140364.0|1365025.0|601887.0|601887.0|2782168.0|0.0|2206546.0|2901869.0|2858626.0|43243.0|450000.0|450000.0|456343.0|4603520.0|4603520.0|-445628.0|0.0|1.8800567|2.14801237|0.63035873|1.0|614557.0|614557.0|-247438.0|-0.10105256|4494876.0|7505389.0|3.06516685|3281738.0
2010-03-31|8963349.0|8963349.0|4705309.0|4258040.0|3756023.0|2984858.0|-2483941.0|-2483941.0|48529.0|-2532470.0|-1093587.0|-1438883.0|0.0|-1438883.0|-1438883.0|0.0|-0.56|-0.56|-0.56|2550645.0|2550645.0|0.0|-13694702.0|179820.0|-77977.0|-77977.0|1018608.0|440143.0|578465.0|0.0|0.0|-428839.0|7734337.0|6167852.0|1566485.0|173048.0|173048.0|2430254.0|0.0|2242227.0|3876221.0|3621341.0|254880.0|826923.0|826923.0|1145572.0|3858116.0|3858116.0|-1884511.0|0.0|1.51260407|1.70319558|1.0046927|1.0|-2304121.0|-2304121.0|-13772679.0|-5.39968479|4766871.0|7734337.0|3.03230634|2546511.0
2011-03-31|13540600.0|13540600.0|7218765.0|6321835.0|3256306.0|2901758.0|-29576.0|-29576.0|276836.0|-306412.0|-179360.0|-127052.0|0.0|-127052.0|-127052.0|0.0|-0.05|-0.05|-0.05|2626163.0|2626163.0|0.0|-1395120.0|181919.0|-146495.0|-146495.0|1492522.0|1889298.0|131020.0|0.0|0.0|-49093.0|10657739.0|8457041.0|2200698.0|123955.0|123955.0|4052242.0|0.0|2970378.0|6693150.0|4082518.0|2610632.0|2527597.0|2527597.0|1598679.0|3964589.0|3964589.0|-2011563.0|0.0|1.50965077|2.07152571|1.688233|1.0|152343.0|152343.0|-1541615.0|-0.58702183|8978863.0|10657739.0|4.05829303|4374523.0
2012-03-31|16508678.0|16508678.0|10068236.0|6440442.0|2794478.0|2969956.0|826109.0|826109.0|399374.0|426735.0|355719.0|71016.0|0.0|71016.0|71016.0|0.0|0.03|0.03|0.02|2657279.0|2717820.0|0.0|480495.0|168667.0|-300357.0|-300357.0|109102.0|-328212.0|124631.0|0.0|0.0|289240.0|12506409.0|10529394.0|1977015.0|413195.0|413195.0|3475017.0|0.0|5023975.0|8257094.0|6007283.0|2249811.0|2496941.0|2496941.0|2850432.0|4249315.0|4249315.0|-1940547.0|0.0|1.59912264|1.75277143|1.94315884|1.02278308|994776.0|994776.0|180138.0|0.0677904|8582872.0|12506409.0|4.70647192|4522111.0
2013-03-31|7827258.0|7827258.0|6866036.0|961222.0|2149591.0|2564637.0|-3807212.0|-3807212.0|508939.0|-4316151.0|-1543580.0|-2772571.0|0.0|-2772571.0|-2772571.0|0.0|-0.98|-0.98|-0.98|2834257.0|2834257.0|0.0|-1296368.0|228069.0|-109157.0|-109157.0|1302627.0|1275878.0|138090.0|0.0|0.0|-102898.0|11919434.0|8571951.0|3347483.0|310297.0|310297.0|557879.0|0.0|6241181.0|9223081.0|7563102.0|1659979.0|2764755.0|2764755.0|4272431.0|2696353.0|2696353.0|-4713118.0|0.0|0.95134386|1.1333909|3.42057624|1.0|-3579143.0|-3579143.0|-1405525.0|-0.49590598|6810790.0|11919434.0|4.20548807|1008849.0
2014-03-31|15828291.0|15828291.0|9464404.0|6363887.0|1853338.0|3146647.0|1009694.0|1009694.0|305321.0|704373.0|442845.0|261528.0|0.0|261528.0|261528.0|0.0|0.08|0.08|0.1|3204028.0|3228894.0|0.0|432639.0|202936.0|-65851.0|-65851.0|-444967.0|-477987.0|33020.0|0.0|0.0|-78179.0|10634353.0|7814600.0|2819753.0|232118.0|232118.0|2095640.0|0.0|4025391.0|6773707.0|5361802.0|1411905.0|1640302.0|1640302.0|2289858.0|3860646.0|3860646.0|-4451590.0|0.0|1.20493516|1.45745777|1.75455274|1.00776086|1212630.0|1212630.0|366788.0|0.11447715|6680735.0|10634353.0|3.31905745|2452798.0
2015-03-31|18195972.0|18195972.0|12755280.0|5440692.0|1961275.0|3149031.0|-166842.0|-166842.0|192970.0|-359812.0|-79372.0|-280440.0|0.0|-280440.0|-280440.0|0.0|-0.09|-0.09|-0.09|3253992.0|3253992.0|0.0|401298.0|177291.0|-11221.0|-11221.0|-436263.0|-446586.0|26610.0|0.0|0.0|-46186.0|9883487.0|7194003.0|2689484.0|185932.0|185932.0|1625171.0|0.0|4032074.0|6243663.0|4594886.0|1648777.0|1367762.0|1367762.0|2811781.0|3639824.0|3639824.0|-4732030.0|0.0|1.1185719|1.56565429|1.71537497|1.0|10449.0|10449.0|390077.0|0.11987645|6470431.0|9883487.0|3.03734213|2599117.0
2016-03-31|24804825.0|24804825.0|16819235.0|7985590.0|2038126.0|3367544.0|1957250.0|1957250.0|101129.0|1856121.0|851968.0|1004153.0|0.0|1004153.0|1004153.0|0.0|0.31|0.31|0.31|3256887.0|3261153.0|0.0|1463392.0|164774.0|-61306.0|-61306.0|-615385.0|-615385.0|0.0|0.0|0.0|786701.0|10108119.0|7812604.0|2295515.0|972633.0|972633.0|1454361.0|0.0|4679032.0|5435755.0|3768965.0|1666790.0|778571.0|778571.0|2401500.0|4672364.0|4672364.0|-3727877.0|0.0|1.43461041|2.07287783|1.16338432|1.00130984|2122024.0|2122024.0|1402086.0|0.43049882|6145092.0|10108119.0|3.10361367|4043639.0
