Date|REVENUE|REVENUEUSD|COR|GP|RND|SGNA|EBIT|EBITUSD|INTEXP|EBT|TAXEXP|NETINC|PREFDIVIS|NETINCCMN|NETINCCMNUSD|NETINCDIS|EPS|EPSUSD|EPSDIL|SHARESWA|SHARESWADIL|DPS|NCFO|DEPAMOR|NCFI|CAPEX|NCFF|NCFDEBT|NCFCOMMON|NCFDIV|NCFX|NCF|ASSETS|ASSETSC|ASSETSNC|CASHNEQ|CASHNEQUSD|RECEIVABLES|INTANGIBLES|INVENTORY|LIABILITIES|LIABILITIESC|LIABILITIESNC|DEBT|DEBTUSD|PAYABLES|EQUITY|EQUITYUSD|RETEARN|ACCOCI|BVPS|CURRENTRATIO|DE|DILUTIONRATIO|EBITDA|EBITDAUSD|FCF|FCFPS|INVCAP|TANGIBLES|TBVPS|WORKINGCAPITAL
2009-06-30|10309015000.0|10309015000.0|8181348000.0|2127667000.0|0.0|1290379000.0|793525000.0|793525000.0|112071000.0|681454000.0|172939000.0|508515000.0|0.0|508515000.0|508515000.0|0.0|3.15|3.15|3.13|160510189.0||1.0|1129192000.0|357737000.0|-960831000.0|-241747000.0|-274348000.0|327778000.0|-444243000.0|-161575000.0|-32450000.0|-138437000.0|9855902000.0|3123781000.0|6732121000.0|187611000.0|187611000.0|1417305000.0|4176939000.0|1254550000.0|5505462000.0|2005754000.0|3499708000.0|2321172000.0|2321172000.0|649718000.0|4268199000.0|4268199000.0|5722038000.0|-843019000.0|26.59145209|1.55740983|1.28987941||1151262000.0|1151262000.0|887445000.0|5.52890135|5806770000.0|5678963000.0|35.38070097|1118027000.0
2010-06-30|9993166000.0|9993166000.0|7847067000.0|2146099000.0|0.0|1277080000.0|856116000.0|856116000.0|103599000.0|752517000.0|198452000.0|554065000.0|0.0|554065000.0|554065000.0|0.0|3.44|3.44|3.4|161035631.0||1.01|1218822000.0|362509000.0|-146173000.0|-117293000.0|-649996000.0|-486263000.0|-14692000.0|-162739000.0|-34738000.0|387915000.0|9910382000.0|3588796000.0|6321586000.0|575526000.0|575526000.0|1599941000.0|3936385000.0|1171655000.0|5450982000.0|2204891000.0|3246091000.0|1776906000.0|1776906000.0|888743000.0|4367965000.0|4367965000.0|6086545000.0|-1208561000.0|27.12421452|1.62765234|1.24794544||1218625000.0|1218625000.0|1101529000.0|6.8402812|4970486000.0|5973997000.0|37.09736139|1383905000.0
2011-06-30|12345870000.0|12345870000.0|9387457000.0|2958413000.0|0.0|1467773000.0|1505405000.0|1505405000.0|99704000.0|1405701000.0|356571000.0|1049130000.0|0.0|1049130000.0|1049130000.0|0.0|6.51|6.51|6.37|162174500.0||1.25|1166933000.0|339800000.0|-244938000.0|-175005000.0|-915778000.0|-85283000.0|-667234000.0|-206084000.0|75723000.0|81940000.0|10886805000.0|4305256000.0|6581549000.0|657466000.0|657466000.0|1977856000.0|4186838000.0|1412153000.0|5398469000.0|2391043000.0|3007426000.0|1766357000.0|1766357000.0|1173851000.0|5383854000.0|5383854000.0|6891407000.0|-450990000.0|33.19790719|1.80057657|1.0027146||1845205000.0|1845205000.0|991928000.0|6.11642398|5417815000.0|6699967000.0|41.31331991|1914213000.0
2012-06-30|13145942000.0|13145942000.0|9958337000.0|3187605000.0|0.0|1519316000.0|1665819000.0|1665819000.0|92790000.0|1573029000.0|421206000.0|1151823000.0|0.0|1151823000.0|1151823000.0|0.0|7.62|7.62|7.45|151051111.0||1.54|1530385000.0|321929000.0|-375768000.0|-198413000.0|-823520000.0|-5162000.0|-446370000.0|-240654000.0|-150246000.0|180851000.0|11170282000.0|4498114000.0|6672168000.0|838317000.0|838317000.0|1992284000.0|4021074000.0|1400732000.0|6264552000.0|2486013000.0|3778539000.0|1729535000.0|1729535000.0|1194684000.0|4896515000.0|4896515000.0|7787175000.0|-1415900000.0|32.41627928|1.80936866|1.27938993||1987748000.0|1987748000.0|1331972000.0|8.81802187|5554413000.0|7149208000.0|47.32972802|2012101000.0
2013-06-30|13015704000.0|13015704000.0|10086675000.0|2929029000.0|0.0|1554973000.0|1402196000.0|1402196000.0|91552000.0|1310644000.0|362217000.0|948427000.0|0.0|948427000.0|948427000.0|0.0|6.36|6.36|6.26|149251263.0||1.7|1190935000.0|335624000.0|-809845000.0|-240849000.0|576174000.0|992047000.0|-225803000.0|-255009000.0|-14169000.0|943095000.0|12540898000.0|5531186000.0|7009712000.0|1781412000.0|1781412000.0|2062745000.0|4514014000.0|1377405000.0|6799417000.0|3520203000.0|3279214000.0|2829786000.0|2829786000.0|1156002000.0|5738426000.0|5738426000.0|8421270000.0|-1107833000.0|38.44809005|1.57126904|1.18489234||1737820000.0|1737820000.0|950086000.0|6.36568148|5555055000.0|8026884000.0|53.78101223|2010983000.0
2014-06-30|13215971000.0|13215971000.0|10188227000.0|3027744000.0|0.0|1633992000.0|1638916000.0|1638916000.0|82566000.0|1556350000.0|515302000.0|1041048000.0|0.0|1041048000.0|1041048000.0|0.0|6.98|6.98|6.87|148936277.0||1.86|1387893000.0|336702000.0|-646401000.0|-201972000.0|-958115000.0|-517573000.0|-196030000.0|-278244000.0|48766000.0|-167857000.0|13274362000.0|6071580000.0|7202782000.0|1613555000.0|1613555000.0|2246613000.0|4359707000.0|1371681000.0|6611554000.0|3252796000.0|3358758000.0|2324764000.0|2324764000.0|1252040000.0|6659428000.0|6659428000.0|9174189000.0|-823498000.0|44.71327023|1.86657263|0.99281109||1975618000.0|1975618000.0|1185921000.0|7.96260672|6373068000.0|8914655000.0|59.8554978|2818784000.0
2015-06-30|12711744000.0|12711744000.0|9655245000.0|3056499000.0|0.0|1544746000.0|1550233000.0|1550233000.0|118406000.0|1431827000.0|419687000.0|1012140000.0|0.0|1012140000.0|1012140000.0|0.0|7.08|7.08|6.97|138676726.0||2.37|1301941000.0|317491000.0|-579163000.0|-195872000.0|-1044744000.0|667307000.0|-1395091000.0|-340389000.0|-111005000.0|-432971000.0|12279282000.0|5440945000.0|6838337000.0|1180584000.0|1180584000.0|1984728000.0|3956118000.0|1300459000.0|7171713000.0|2349120000.0|4822593000.0|2947102000.0|2947102000.0|1092138000.0|5104287000.0|5104287000.0|9841885000.0|-1738618000.0|36.80709191|2.31616307|1.40503718||1867724000.0|1867724000.0|1106069000.0|7.97588054|7740562000.0|8323164000.0|60.01846337|3091825000.0
2016-06-30|11360753000.0|11360753000.0|8823384000.0|2537369000.0|0.0|1359360000.0|1250869000.0|1250869000.0|136517000.0|1114352000.0|307512000.0|806840000.0|0.0|806840000.0|806840000.0|0.0|5.96|5.96|5.89|134681477.0||2.52|1169843000.0|306843000.0|-264639000.0|-130586000.0|-802423000.0|85843000.0|-557449000.0|-341962000.0|-61712000.0|41069000.0|12034142000.0|5207787000.0|6826355000.0|1221653000.0|1221653000.0|1826103000.0|3825608000.0|1173329000.0|7455464000.0|2365888000.0|5089576000.0|3014244000.0|3014244000.0|1034589000.0|4575255000.0|4575255000.0|10302866000.0|-2227765000.0|33.9709298|2.20119761|1.62951879||1557712000.0|1557712000.0|1039257000.0|7.71640632|7635237000.0|8208534000.0|60.9477575|2841899000.0
