Date|REVENUE|REVENUEUSD|COR|GP|RND|SGNA|EBIT|EBITUSD|INTEXP|EBT|TAXEXP|NETINC|PREFDIVIS|NETINCCMN|NETINCCMNUSD|NETINCDIS|EPS|EPSUSD|EPSDIL|SHARESWA|SHARESWADIL|DPS|NCFO|DEPAMOR|NCFI|CAPEX|NCFF|NCFDEBT|NCFCOMMON|NCFDIV|NCFX|NCF|ASSETS|ASSETSC|ASSETSNC|CASHNEQ|CASHNEQUSD|RECEIVABLES|INTANGIBLES|INVENTORY|LIABILITIES|LIABILITIESC|LIABILITIESNC|DEBT|DEBTUSD|PAYABLES|EQUITY|EQUITYUSD|RETEARN|ACCOCI|BVPS|CURRENTRATIO|DE|DILUTIONRATIO|EBITDA|EBITDAUSD|FCF|FCFPS|INVCAP|TANGIBLES|TBVPS|WORKINGCAPITAL
2009-07-31|1868629000.0|1868629000.0|1278923000.0|589706000.0|40643000.0|379108000.0|178443000.0|178443000.0|17018000.0|161425000.0|29518000.0|131907000.0|0.0|131907000.0|131907000.0|0.0|0.84|0.84|0.83|155934282.0|158399676.0|0.23|276927000.0|58597000.0|-119887000.0|-45569000.0|-91769000.0|-30969000.0|-28297000.0|-35166000.0|-4941000.0|60330000.0|1333996000.0|676767000.0|657229000.0|143687000.0|143687000.0|280187000.0|234413000.0|180238000.0|645378000.0|300084000.0|345294000.0|288728000.0|288728000.0|123063000.0|688618000.0|688618000.0|615817000.0|-9677000.0|4.41607831|2.25525853|0.93720757|1.01581047|237040000.0|237040000.0|231358000.0|1.48368914|944540000.0|1099583000.0|7.05157959|376683000.0
2010-07-31|1877064000.0|1877064000.0|1218316000.0|658748000.0|44486000.0|376018000.0|242151000.0|242151000.0|11975000.0|230176000.0|64013000.0|166163000.0|0.0|166163000.0|166163000.0|0.0|1.07|1.07|1.05|155697056.0|158355544.0|0.23|203005000.0|59232000.0|-42909000.0|-42659000.0|-69524000.0|15736000.0|-53643000.0|-36242000.0|-2259000.0|88313000.0|1499506000.0|860215000.0|639291000.0|232000000.0|232000000.0|358917000.0|223607000.0|203631000.0|752873000.0|389256000.0|363617000.0|311728000.0|311728000.0|165907000.0|746633000.0|746633000.0|744247000.0|-40486000.0|4.79542144|2.20989529|1.00835752|1.01707475|301383000.0|301383000.0|160346000.0|1.02985891|966371000.0|1275899000.0|8.19475353|470959000.0
2011-07-31|2294029000.0|2294029000.0|1480233000.0|813796000.0|55286000.0|443227000.0|324788000.0|324788000.0|12525000.0|312263000.0|86972000.0|225291000.0|0.0|225291000.0|225291000.0|0.0|1.46|1.46|1.43|154392740.0|157196918.0|0.27|246055000.0|60491000.0|-56358000.0|-59851000.0|-167352000.0|-43182000.0|-93030000.0|-41013000.0|19149000.0|41494000.0|1726093000.0|1066582000.0|659511000.0|273494000.0|273494000.0|445700000.0|225237000.0|271476000.0|791382000.0|496244000.0|295138000.0|266748000.0|266748000.0|215918000.0|934711000.0|934711000.0|925542000.0|40027000.0|6.05411239|2.14930961|0.84665956|1.01816263|385279000.0|385279000.0|186204000.0|1.20604116|997866000.0|1500856000.0|9.72102704|570338000.0
2012-07-31|2493248000.0|2493248000.0|1619485000.0|873763000.0|59589000.0|451158000.0|382269000.0|382269000.0|11489000.0|370780000.0|106479000.0|264301000.0|0.0|264301000.0|264301000.0|0.0|1.76|1.76|1.73|150286403.0|152940605.0|0.32|259712000.0|61165000.0|-176468000.0|-77170000.0|-103400000.0|50510000.0|-116542000.0|-47684000.0|-27549000.0|-47705000.0|1730082000.0|1085662000.0|644420000.0|225789000.0|225789000.0|438796000.0|209149000.0|256116000.0|820068000.0|498523000.0|321545000.0|300976000.0|300976000.0|199182000.0|910014000.0|910014000.0|366788000.0|-101888000.0|6.05519849|2.17775709|0.90115976|1.01766096|443434000.0|443434000.0|182542000.0|1.21462751|1097597000.0|1520933000.0|10.12023024|587139000.0
2013-07-31|2436948000.0|2436948000.0|1589821000.0|847127000.0|62630000.0|441168000.0|359091000.0|359091000.0|10910000.0|348181000.0|100804000.0|247377000.0|0.0|247377000.0|247377000.0|0.0|1.67|1.67|1.64|148273904.0|150455193.0|0.41|315923000.0|64290000.0|-96311000.0|-94337000.0|-223968000.0|-88310000.0|-86529000.0|-60320000.0|2705000.0|-1651000.0|1743556000.0|1055662000.0|687894000.0|224138000.0|224138000.0|430766000.0|206875000.0|234820000.0|658369000.0|476435000.0|181934000.0|210628000.0|210628000.0|186460000.0|1085187000.0|1085187000.0|532307000.0|-37473000.0|7.31879967|2.21575241|0.60668714|1.01471121|423381000.0|423381000.0|221586000.0|1.49443694|1046736000.0|1536681000.0|10.36379942|579227000.0
2014-07-31|2473500000.0|2473500000.0|1595700000.0|877800000.0|61800000.0|460300000.0|370900000.0|370900000.0|10200000.0|360700000.0|100500000.0|260200000.0|0.0|260200000.0|260200000.0|0.0|1.79|1.79|1.76|145600000.0|147600000.0|0.58|317800000.0|67200000.0|-124100000.0|-96800000.0|-120800000.0|218500000.0|-265000000.0|-83100000.0|-600000.0|72300000.0|1942411000.0|1225277000.0|717134000.0|296418000.0|296418000.0|474157000.0|202451000.0|253351000.0|939928000.0|609580000.0|330348000.0|430767000.0|430767000.0|216603000.0|1002483000.0|1002483000.0|702435000.0|-45810000.0|6.88518544|2.01003478|0.93759994|1.01373626|438100000.0|438100000.0|221000000.0|1.51785714|1264729000.0|1739960000.0|11.95027473|615697000.0
2015-07-31|2371200000.0|2371200000.0|1562600000.0|808600000.0|60200000.0|460100000.0|303800000.0|303800000.0|15200000.0|288600000.0|80500000.0|208100000.0|0.0|208100000.0|208100000.0|0.0|1.51|1.51|1.49|137800000.0|139400000.0|0.67|212800000.0|74300000.0|-111700000.0|-93600000.0|-179000000.0|148600000.0|-243200000.0|-91200000.0|-28600000.0|-106500000.0|1809500000.0|1030700000.0|778800000.0|189900000.0|189900000.0|460000000.0|261600000.0|265000000.0|1030800000.0|560600000.0|470200000.0|578300000.0|578300000.0|179200000.0|778700000.0|778700000.0|815200000.0|-162000000.0|5.6509434|1.83856582|1.3237447|1.01161103|378100000.0|378100000.0|119200000.0|0.86502177|1375700000.0|1547900000.0|11.2329463|470100000.0
2016-07-31|2220300000.0|2220300000.0|1465500000.0|754800000.0|55500000.0|425100000.0|278100000.0|278100000.0|20700000.0|257400000.0|66600000.0|190800000.0|0.0|190800000.0|190800000.0|0.0|1.43|1.43|1.42|133800000.0|134800000.0|0.69|286100000.0|74900000.0|-55600000.0|-70700000.0|-175000000.0|-15400000.0|-71100000.0|-91200000.0|-2200000.0|53300000.0|1788600000.0|1009700000.0|778900000.0|243200000.0|243200000.0|452400000.0|267800000.0|234100000.0|1017200000.0|543800000.0|473400000.0|568500000.0|568500000.0|143300000.0|771400000.0|771400000.0|905100000.0|-205600000.0|5.76532138|1.8567488|1.31864143|1.00747384|353000000.0|353000000.0|215400000.0|1.60986547|1302300000.0|1520800000.0|11.36621824|465900000.0
