Date|REVENUE|REVENUEUSD|COR|GP|RND|SGNA|EBIT|EBITUSD|INTEXP|EBT|TAXEXP|NETINC|PREFDIVIS|NETINCCMN|NETINCCMNUSD|NETINCDIS|EPS|EPSUSD|EPSDIL|SHARESWA|SHARESWADIL|DPS|NCFO|DEPAMOR|NCFI|CAPEX|NCFF|NCFDEBT|NCFCOMMON|NCFDIV|NCFX|NCF|ASSETS|ASSETSC|ASSETSNC|CASHNEQ|CASHNEQUSD|RECEIVABLES|INTANGIBLES|INVENTORY|LIABILITIES|LIABILITIESC|LIABILITIESNC|DEBT|DEBTUSD|PAYABLES|EQUITY|EQUITYUSD|RETEARN|ACCOCI|BVPS|CURRENTRATIO|DE|DILUTIONRATIO|EBITDA|EBITDAUSD|FCF|FCFPS|INVCAP|TANGIBLES|TBVPS|WORKINGCAPITAL
2009-07-31|17560000.0|17560000.0|3400000.0|14160000.0|1534000.0|7631000.0|761000.0|761000.0|214000.0|547000.0|123000.0|424000.0|0.0|424000.0|424000.0|0.0|0.06|0.06|0.06|7693510.0||0.0|2745000.0|1054000.0|-2219000.0|-1451000.0|-968000.0|-988000.0|20000.0|0.0|6000.0|-436000.0|18607000.0|5023000.0|13584000.0|650000.0|650000.0|1352000.0|11473000.0|156000.0|14420000.0|9269000.0|5151000.0|5841000.0|5841000.0|788000.0|4187000.0|4187000.0|-92284000.0|-34000.0|0.54422494|0.54191391|3.44399331||1815000.0|1815000.0|1294000.0|0.16819371|3056000.0|7134000.0|0.92727507|-4246000.0
2010-07-31|21484000.0|21484000.0|4353000.0|17131000.0|1415000.0|9665000.0|132000.0|132000.0|649000.0|-517000.0|-1294000.0|777000.0|0.0|777000.0|777000.0|392000.0|0.1|0.1|0.1|7768921.0||0.0|1624000.0|1640000.0|-1891000.0|-1881000.0|550000.0|545000.0|5000.0|0.0|5000.0|288000.0|19777000.0|5511000.0|14266000.0|938000.0|938000.0|1359000.0|10661000.0|133000.0|14558000.0|9203000.0|5355000.0|6555000.0|6555000.0|490000.0|5219000.0|5219000.0|-91507000.0|-13000.0|0.67177926|0.59882647|2.78942326||1772000.0|1772000.0|-257000.0|-0.03308053|5530000.0|9116000.0|1.17339332|-3692000.0
2011-07-31|21334000.0|21334000.0|4487000.0|16847000.0|1463000.0|8524000.0|2216000.0|2216000.0|790000.0|1426000.0|-1017000.0|2443000.0|0.0|2443000.0|2443000.0|-25000.0|0.31|0.31|0.31|7900974.0||0.0|3471000.0|1688000.0|-2293000.0|-2411000.0|-977000.0|-983000.0|6000.0|0.0|-5000.0|196000.0|21099000.0|5977000.0|15122000.0|1134000.0|1134000.0|1179000.0|10295000.0|169000.0|13268000.0|8686000.0|4582000.0|5582000.0|5582000.0|561000.0|7831000.0|7831000.0|-89064000.0|-39000.0|0.99114362|0.68811881|1.69429192||3904000.0|3904000.0|1060000.0|0.13416067|6566000.0|10804000.0|1.36742635|-2709000.0
2012-07-31|22494000.0|22494000.0|5266000.0|17228000.0|2267000.0|9039000.0|1517000.0|1517000.0|235000.0|1282000.0|227000.0|1055000.0|0.0|1055000.0|1055000.0|0.0|0.13|0.13|0.13|8036150.0||0.0|3507000.0|1414000.0|-1941000.0|-2417000.0|-1369000.0|-1402000.0|33000.0|0.0|19000.0|216000.0|20509000.0|6140000.0|14369000.0|1350000.0|1350000.0|1187000.0|9827000.0|151000.0|11293000.0|8073000.0|3220000.0|4180000.0|4180000.0|725000.0|9216000.0|9216000.0|-88009000.0|-1000.0|1.14681782|0.76055989|1.22536892||2931000.0|2931000.0|1090000.0|0.13563709|5439000.0|10682000.0|1.32924348|-1933000.0
2013-07-31|30102000.0|30102000.0|6636000.0|23466000.0|2648000.0|13485000.0|-1260000.0|-1260000.0|626000.0|-1886000.0|-1133000.0|-753000.0|0.0|-753000.0|-753000.0|0.0|-0.08|-0.08|-0.08|12058171.0||0.0|2404000.0|1281000.0|-4800000.0|-2468000.0|3249000.0|-2382000.0|6181000.0|0.0|-8000.0|845000.0|33128000.0|7166000.0|25962000.0|2195000.0|2195000.0|945000.0|20507000.0|154000.0|17079000.0|11955000.0|5124000.0|4693000.0|4693000.0|710000.0|16049000.0|16049000.0|-88762000.0|-18000.0|1.3309647|0.59941447|1.06417845||21000.0|21000.0|-64000.0|-0.0053076|3164000.0|12621000.0|1.04667615|-4789000.0
2014-07-31|33019000.0|33019000.0|6378000.0|26641000.0|2717000.0|15566000.0|425000.0|425000.0|286000.0|139000.0|241000.0|-102000.0|0.0|-102000.0|-102000.0|0.0|-0.01|-0.01|-0.01|13290000.0|13290000.0|0.0|2383000.0|1322000.0|-2818000.0|-2429000.0|51000.0|-238000.0|289000.0|0.0|-3000.0|-387000.0|32348000.0|6999000.0|25349000.0|1808000.0|1808000.0|1212000.0|19999000.0|294000.0|15142000.0|11167000.0|3975000.0|4478000.0|4478000.0|656000.0|17206000.0|17206000.0|-88864000.0|-21000.0|1.29465764|0.62675741|0.88004185|1.0|1747000.0|1747000.0|-46000.0|-0.00346125|3852000.0|12349000.0|0.92919488|-4168000.0
2015-07-31|40443000.0|40443000.0|7302000.0|33141000.0|4199000.0|17061000.0|2347000.0|2347000.0|465000.0|1882000.0|811000.0|1071000.0|0.0|1071000.0|1071000.0|0.0|0.07|0.07|0.07|14849000.0|15279000.0|0.0|6313000.0|1756000.0|-11942000.0|-2103000.0|6127000.0|1293000.0|4834000.0|0.0|-22000.0|476000.0|49636000.0|8407000.0|41229000.0|2284000.0|2284000.0|2046000.0|36410000.0|165000.0|22687000.0|12941000.0|9746000.0|10697000.0|10697000.0|708000.0|26949000.0|26949000.0|-87793000.0|25000.0|1.81486969|0.64964068|0.84184942|1.02895818|4103000.0|4103000.0|4210000.0|0.28352078|8698000.0|13226000.0|0.89069971|-4534000.0
2016-07-31|47693000.0|47693000.0|8806000.0|38887000.0|5093000.0|17903000.0|3554000.0|3554000.0|460000.0|3094000.0|1351000.0|1743000.0|0.0|1743000.0|1743000.0|0.0|0.1|0.1|0.1|17218000.0|17710000.0|0.0|7725000.0|2407000.0|-3496000.0|-2870000.0|-1381000.0|-1474000.0|93000.0|0.0|-14000.0|2834000.0|49343000.0|11155000.0|38188000.0|5118000.0|5118000.0|1942000.0|34555000.0|132000.0|20017000.0|13070000.0|6947000.0|9188000.0|9188000.0|718000.0|29326000.0|29326000.0|-86050000.0|-5000.0|1.70321756|0.85348125|0.68256837|1.02857475|5961000.0|5961000.0|4855000.0|0.28197235|5788000.0|14788000.0|0.85886863|-1915000.0
