Date|REVENUE|REVENUEUSD|COR|GP|RND|SGNA|EBIT|EBITUSD|INTEXP|EBT|TAXEXP|NETINC|PREFDIVIS|NETINCCMN|NETINCCMNUSD|NETINCDIS|EPS|EPSUSD|EPSDIL|SHARESWA|SHARESWADIL|DPS|NCFO|DEPAMOR|NCFI|CAPEX|NCFF|NCFDEBT|NCFCOMMON|NCFDIV|NCFX|NCF|ASSETS|ASSETSC|ASSETSNC|CASHNEQ|CASHNEQUSD|RECEIVABLES|INTANGIBLES|INVENTORY|LIABILITIES|LIABILITIESC|LIABILITIESNC|DEBT|DEBTUSD|PAYABLES|EQUITY|EQUITYUSD|RETEARN|ACCOCI|BVPS|CURRENTRATIO|DE|DILUTIONRATIO|EBITDA|EBITDAUSD|FCF|FCFPS|INVCAP|TANGIBLES|TBVPS|WORKINGCAPITAL
2009-03-31|134866000.0|134866000.0|95319000.0|39547000.0|1993000.0|24721000.0|10661000.0|10661000.0|4215000.0|6446000.0|2589000.0|3857000.0|0.0|3857000.0|3857000.0|0.0|0.32|0.32|0.32|11995622.0|12086126.0|0.0|-11078000.0|3462000.0|-9846000.0|-2317000.0|19732000.0|19732000.0|0.0|0.0|-291000.0|-1483000.0|159588000.0|54171000.0|105417000.0|452000.0|452000.0|11121000.0|2564000.0|119903000.0|66505000.0|57740000.0|8765000.0|25344000.0|25344000.0|24507000.0|93083000.0|93083000.0|609000.0|-1984000.0|7.75974768|0.93818843|0.71446988|1.00754475|14123000.0|14123000.0|-13395000.0|-1.11665739|124176000.0|157024000.0|13.09010904|-3569000.0
2010-03-31|147225000.0|147225000.0|105898000.0|41327000.0|1421000.0|21408000.0|19638000.0|19638000.0|4710000.0|14928000.0|5282000.0|9646000.0|0.0|9646000.0|9646000.0|0.0|0.8|0.8|0.8|11988692.0|12116615.0|0.0|18347000.0|3882000.0|-3666000.0|-1055000.0|-13947000.0|-13730000.0|152000.0|0.0|24000.0|758000.0|169033000.0|53811000.0|115222000.0|1210000.0|1210000.0|5553000.0|6304000.0|129196000.0|65413000.0|50412000.0|15001000.0|10898000.0|10898000.0|31603000.0|103620000.0|103620000.0|10255000.0|-1426000.0|8.64314472|1.06742442|0.63127775|1.0106703|23520000.0|23520000.0|17292000.0|1.44235918|122005000.0|162729000.0|13.5735408|3399000.0
2011-03-31|161285000.0|161285000.0|109903000.0|51382000.0|1549000.0|23570000.0|25384000.0|25384000.0|5355000.0|20029000.0|7809000.0|12220000.0|0.0|12220000.0|12220000.0|0.0|1.01|1.01|0.99|12042428.0|12334331.0|0.0|10735000.0|3900000.0|-6723000.0|-1566000.0|-2790000.0|-2975000.0|111000.0|0.0|45000.0|1267000.0|191865000.0|60137000.0|131728000.0|2477000.0|2477000.0|15498000.0|5530000.0|141306000.0|74688000.0|58742000.0|15946000.0|8334000.0|8334000.0|38973000.0|117177000.0|117177000.0|22475000.0|-349000.0|9.73034674|1.02374791|0.63739471|1.02423955|29284000.0|29284000.0|9169000.0|0.76139131|133450000.0|186335000.0|15.47320856|1395000.0
2012-03-31|178551000.0|178551000.0|121219000.0|57332000.0|1765000.0|28280000.0|-36288000.0|-36288000.0|4841000.0|-41129000.0|7385000.0|-48514000.0|0.0|-48514000.0|-48514000.0|0.0|-3.9|-3.9|-3.8|12442684.0|12756845.0|0.0|-38488000.0|3466000.0|-1591000.0|-1010000.0|70182000.0|67127000.0|321000.0|0.0|37000.0|30140000.0|501898000.0|168231000.0|333667000.0|32617000.0|32617000.0|20036000.0|90840000.0|299296000.0|428279000.0|170419000.0|257860000.0|133884000.0|133884000.0|126100000.0|73619000.0|73619000.0|-26039000.0|-884000.0|5.91664949|0.98716106|5.81750635|1.02524865|-32822000.0|-32822000.0|-39498000.0|-3.17439549|341906000.0|411058000.0|33.03611986|-2188000.0
2013-03-31|213151000.0|213151000.0|143810000.0|69341000.0|1930000.0|33097000.0|-71755000.0|-71755000.0|12324000.0|-84079000.0|7432000.0|-91511000.0|0.0|-91511000.0|-91511000.0|0.0|-6.39|-6.39|-6.36|14327310.0|14385515.0|0.0|-31061000.0|2849000.0|-4069000.0|-2330000.0|21902000.0|9211000.0|13126000.0|0.0|45000.0|-13183000.0|364969000.0|152631000.0|212338000.0|19346000.0|19346000.0|3689000.0|3983000.0|157030000.0|368483000.0|219648000.0|148835000.0|81905000.0|81905000.0|39152000.0|-3514000.0|-3514000.0|-117550000.0|-846000.0|-0.24526586|0.6948891|-104.8614115|1.00406252|-68906000.0|-68906000.0|-33391000.0|-2.33058404|203897000.0|360986000.0|25.1956578|-67017000.0
2014-03-31|258669000.0|258669000.0|177103000.0|81566000.0|1940000.0|47522000.0|132981000.0|132981000.0|18289000.0|114692000.0|7333000.0|107359000.0|0.0|107359000.0|107359000.0|-100877000.0|7.34|7.34|7.01|14633946.0|15317931.0|0.0|13517000.0|2742000.0|-3327000.0|-2978000.0|-4994000.0|12983000.0|5139000.0|0.0|-31000.0|5165000.0|318853000.0|125266000.0|193587000.0|24599000.0|24599000.0|22283000.0|3244000.0|198256000.0|209217000.0|103189000.0|106028000.0|97277000.0|97277000.0|59509000.0|109636000.0|109636000.0|-10191000.0|-877000.0|7.4918959|1.21394722|1.90828742|1.04673961|135723000.0|135723000.0|10539000.0|0.72017486|285098000.0|315609000.0|21.56691025|22077000.0
2015-03-31|301711000.0|301711000.0|220138000.0|81573000.0|2273000.0|45714000.0|33586000.0|33586000.0|13065000.0|20521000.0|9068000.0|11453000.0|0.0|11453000.0|11453000.0|0.0|0.68|0.68|0.65|16734539.0|17605940.0|0.0|-9457000.0|2521000.0|-3868000.0|-3734000.0|50081000.0|-18464000.0|67414000.0|0.0|-125000.0|36631000.0|420881000.0|181795000.0|239086000.0|61230000.0|61230000.0|24799000.0|2574000.0|253612000.0|230678000.0|115061000.0|115617000.0|79222000.0|79222000.0|61893000.0|190203000.0|190203000.0|1262000.0|-2518000.0|11.36589421|1.57998801|1.21279896|1.05207201|36107000.0|36107000.0|-13191000.0|-0.78824998|321238000.0|418307000.0|24.99662524|66734000.0
2016-03-31|368970000.0|368970000.0|268046000.0|100924000.0|3008000.0|59630000.0|38286000.0|38286000.0|16244000.0|22042000.0|11479000.0|10563000.0|0.0|10563000.0|10563000.0|0.0|0.58|0.58|0.55|18233163.0|19066093.0|0.0|15334000.0|2936000.0|-7582000.0|-3747000.0|-46982000.0|-56774000.0|4479000.0|0.0|-103000.0|-39333000.0|413372000.0|140085000.0|273287000.0|21897000.0|21897000.0|8548000.0|6626000.0|309680000.0|202564000.0|131383000.0|71181000.0|30047000.0|30047000.0|72152000.0|210808000.0|210808000.0|11825000.0|-4852000.0|11.56178991|1.06623384|0.96089332|1.04568215|41222000.0|41222000.0|11587000.0|0.6354904|283513000.0|406746000.0|22.3080329|8702000.0
