Date|REVENUE|REVENUEUSD|COR|GP|RND|SGNA|EBIT|EBITUSD|INTEXP|EBT|TAXEXP|NETINC|PREFDIVIS|NETINCCMN|NETINCCMNUSD|NETINCDIS|EPS|EPSUSD|EPSDIL|SHARESWA|SHARESWADIL|DPS|NCFO|DEPAMOR|NCFI|CAPEX|NCFF|NCFDEBT|NCFCOMMON|NCFDIV|NCFX|NCF|ASSETS|ASSETSC|ASSETSNC|CASHNEQ|CASHNEQUSD|RECEIVABLES|INTANGIBLES|INVENTORY|LIABILITIES|LIABILITIESC|LIABILITIESNC|DEBT|DEBTUSD|PAYABLES|EQUITY|EQUITYUSD|RETEARN|ACCOCI|BVPS|CURRENTRATIO|DE|DILUTIONRATIO|EBITDA|EBITDAUSD|FCF|FCFPS|INVCAP|TANGIBLES|TBVPS|WORKINGCAPITAL
2009-08-31|622023000.0|622023000.0|209364000.0|412659000.0|0.0|201629000.0|212122000.0|212122000.0|0.0|212122000.0|67172000.0|144950000.0|0.0|144950000.0|144950000.0|0.0|3.07|3.07|2.97|47158000.0|48789000.0|0.76|207770000.0|34337000.0|1220000.0|-24040000.0|-110419000.0|0.0|-80023000.0|-34770000.0|-237000.0|98334000.0|633952000.0|299410000.0|334542000.0|216320000.0|216320000.0|62854000.0|229492000.0|0.0|133123000.0|99363000.0|33760000.0|0.0|0.0|34469000.0|500829000.0|500829000.0|676626000.0|-10223000.0|10.62023411|3.01329469|0.26580529|1.03458586|246459000.0|246459000.0|183730000.0|3.89605157|88777000.0|404460000.0|8.57669961|200047000.0
2010-08-31|641059000.0|641059000.0|206550000.0|434509000.0|0.0|212875000.0|222181000.0|222181000.0|0.0|222181000.0|71970000.0|150211000.0|0.0|150211000.0|150211000.0|0.0|3.22|3.22|3.13|46698000.0|48004000.0|0.86|211080000.0|37343000.0|-75948000.0|-20768000.0|-151568000.0|0.0|-137566000.0|-38494000.0|-4143000.0|-20579000.0|644608000.0|265145000.0|379463000.0|195741000.0|195741000.0|59693000.0|274170000.0|0.0|142202000.0|109276000.0|32926000.0|0.0|0.0|34562000.0|502406000.0|502406000.0|786844000.0|-21385000.0|10.75861921|2.42637908|0.283042|1.02796694|259524000.0|259524000.0|190312000.0|4.07537796|65421000.0|370438000.0|7.93263095|155869000.0
2011-08-31|726510000.0|726510000.0|244623000.0|481887000.0|0.0|243552000.0|238958000.0|238958000.0|0.0|238958000.0|67912000.0|171046000.0|0.0|171046000.0|171046000.0|0.0|3.72|3.72|3.61|45953000.0|47355000.0|1.0|207136000.0|36847000.0|-29343000.0|-29343000.0|-199123000.0|0.0|-173505000.0|-43949000.0|7274000.0|-14056000.0|657440000.0|273170000.0|384270000.0|181685000.0|181685000.0|75004000.0|274575000.0|0.0|142252000.0|109423000.0|32829000.0|0.0|0.0|36768000.0|515188000.0|515188000.0|912078000.0|-5660000.0|11.21119405|2.4964587|0.27611668|1.03050943|275805000.0|275805000.0|177793000.0|3.86901834|91757000.0|382865000.0|8.33166496|163747000.0
2012-08-31|805793000.0|805793000.0|275537000.0|530256000.0|0.0|257266000.0|274705000.0|274705000.0|0.0|274705000.0|85896000.0|188809000.0|0.0|188809000.0|188809000.0|0.0|4.22|4.22|4.12|44784000.0|45810000.0|1.16|231965000.0|33779000.0|-58849000.0|-22520000.0|-158718000.0|0.0|-119894000.0|-49983000.0|-7039000.0|7359000.0|694143000.0|299125000.0|395018000.0|189044000.0|189044000.0|74251000.0|289162000.0|0.0|141879000.0|113176000.0|28703000.0|0.0|0.0|41407000.0|552264000.0|552264000.0|559714000.0|-22726000.0|12.33172562|2.64300735|0.25690431|1.02290997|308484000.0|308484000.0|209445000.0|4.67678189|102761000.0|404981000.0|9.0429841|185949000.0
2013-08-31|858112000.0|858112000.0|306379000.0|551733000.0|0.0|282314000.0|270910000.0|270910000.0|0.0|270910000.0|72273000.0|198637000.0|0.0|198637000.0|198637000.0|0.0|4.53|4.53|4.45|43890000.0|44624000.0|1.32|269809000.0|35779000.0|-20412000.0|-18517000.0|-238408000.0|0.0|-207631000.0|-56002000.0|-3406000.0|7583000.0|690197000.0|318034000.0|372163000.0|196627000.0|196627000.0|73290000.0|280796000.0|0.0|148418000.0|118253000.0|30165000.0|0.0|0.0|45028000.0|541779000.0|541779000.0|700519000.0|-31173000.0|12.34401914|2.68943705|0.27394565|1.01672363|306689000.0|306689000.0|251292000.0|5.72549556|94521000.0|409401000.0|9.3278879|199781000.0
2014-08-31|920335000.0|920335000.0|353686000.0|566649000.0|0.0|264430000.0|303464000.0|303464000.0|0.0|303464000.0|91921000.0|211543000.0|0.0|211543000.0|211543000.0|0.0|4.98|4.98|4.92|42436000.0|42970000.0|1.48|265023000.0|34435000.0|-70708000.0|-17743000.0|-276729000.0|0.0|-227677000.0|-61007000.0|2165000.0|-80249000.0|663212000.0|249775000.0|413437000.0|116378000.0|116378000.0|90354000.0|327463000.0|0.0|152130000.0|127291000.0|24839000.0|0.0|0.0|43270000.0|511082000.0|511082000.0|849504000.0|-17921000.0|12.04359506|1.96223614|0.29766261|1.01258366|337899000.0|337899000.0|247280000.0|5.82712791|92080000.0|335749000.0|7.91189085|122484000.0
2015-08-31|1006768000.0|1006768000.0|405339000.0|601429000.0|0.0|269511000.0|333754000.0|333754000.0|0.0|333754000.0|92703000.0|241051000.0|0.0|241051000.0|241051000.0|0.0|5.8|5.8|5.71|41572000.0|42235000.0|1.66|306442000.0|31349000.0|-64877000.0|-25682000.0|-187326000.0|34968000.0|-184691000.0|-66551000.0|-11703000.0|42536000.0|736671000.0|304174000.0|432497000.0|158914000.0|158914000.0|95064000.0|348339000.0|0.0|205087000.0|139780000.0|65307000.0|35000000.0|35000000.0|52059000.0|531584000.0|531584000.0|1021651000.0|-44052000.0|12.78706822|2.176091|0.38580356|1.01594823|365103000.0|365103000.0|280760000.0|6.75358414|124638000.0|388332000.0|9.34119119|164394000.0
2016-08-31|1127092000.0|1127092000.0|487409000.0|639683000.0|0.0|290007000.0|462129000.0|462129000.0|1136000.0|460993000.0|122178000.0|338815000.0|0.0|338815000.0|338815000.0|0.0|8.29|8.29|8.19|40880000.0|41365000.0|1.88|331140000.0|38052000.0|-158408000.0|-47740000.0|-91002000.0|264988000.0|-299977000.0|-74218000.0|-12237000.0|69493000.0|1019161000.0|369276000.0|649885000.0|228407000.0|228407000.0|97797000.0|546076000.0|0.0|501780000.0|158210000.0|343570000.0|300000000.0|300000000.0|65855000.0|517381000.0|517381000.0|1283927000.0|-68553000.0|12.656091|2.33408761|0.96984621|1.01186399|500181000.0|500181000.0|283400000.0|6.93248532|386468000.0|473085000.0|11.57252935|211066000.0
