Date|REVENUE|REVENUEUSD|COR|GP|RND|SGNA|EBIT|EBITUSD|INTEXP|EBT|TAXEXP|NETINC|PREFDIVIS|NETINCCMN|NETINCCMNUSD|NETINCDIS|EPS|EPSUSD|EPSDIL|SHARESWA|SHARESWADIL|DPS|NCFO|DEPAMOR|NCFI|CAPEX|NCFF|NCFDEBT|NCFCOMMON|NCFDIV|NCFX|NCF|ASSETS|ASSETSC|ASSETSNC|CASHNEQ|CASHNEQUSD|RECEIVABLES|INTANGIBLES|INVENTORY|LIABILITIES|LIABILITIESC|LIABILITIESNC|DEBT|DEBTUSD|PAYABLES|EQUITY|EQUITYUSD|RETEARN|ACCOCI|BVPS|CURRENTRATIO|DE|DILUTIONRATIO|EBITDA|EBITDAUSD|FCF|FCFPS|INVCAP|TANGIBLES|TBVPS|WORKINGCAPITAL
2009-04-30|4690525000.0|4690525000.0|3966919000.0|723606000.0|0.0|504449000.0|149706000.0|149706000.0|10626000.0|139080000.0|53390000.0|85690000.0|0.0|85690000.0|85690000.0|0.0|1.69|1.69|1.68|50826312.0||0.3|170624000.0|69259000.0|-144964000.0|-133151000.0|-34488000.0|-21100000.0|1858000.0|-15246000.0|0.0|-8828000.0|1262695000.0|284727000.0|977968000.0|145695000.0|145695000.0|7888000.0|50976000.0|106528000.0|541665000.0|221243000.0|320422000.0|196329000.0|196329000.0|115436000.0|721030000.0|721030000.0|660226000.0|0.0|14.18615618|1.28694241|0.75123781||218965000.0|218965000.0|37473000.0|0.73727561|1041110000.0|1211719000.0|23.84038803|63484000.0
2010-04-30|4637087000.0|4637087000.0|3844735000.0|792352000.0|0.0|526291000.0|192515000.0|192515000.0|10933000.0|181582000.0|64620000.0|116962000.0|0.0|116962000.0|116962000.0|0.0|2.3|2.3|2.29|50915962.0||0.34|214068000.0|73749000.0|-173152000.0|-127464000.0|-34935000.0|-19231000.0|1604000.0|-17308000.0|0.0|5981000.0|1388775000.0|310085000.0|1078690000.0|151676000.0|151676000.0|12111000.0|57547000.0|124951000.0|564456000.0|240886000.0|323570000.0|179331000.0|179331000.0|145334000.0|824319000.0|824319000.0|759880000.0|0.0|16.18979526|1.28726867|0.68475432||266264000.0|266264000.0|86604000.0|1.70092043|1117997000.0|1331228000.0|26.14559261|69199000.0
2011-04-30|5635240000.0|5635240000.0|4754173000.0|881067000.0|0.0|607628000.0|179734000.0|179734000.0|28497000.0|151237000.0|56614000.0|94623000.0|0.0|94623000.0|94623000.0|0.0|2.24|2.24|2.22|37950509.0||0.51|261443000.0|83343000.0|-325513000.0|-211946000.0|-28034000.0|500428000.0|-496645000.0|-20467000.0|0.0|-92104000.0|1610955000.0|293887000.0|1317068000.0|59572000.0|59572000.0|20154000.0|88042000.0|159200000.0|1207059000.0|294500000.0|912559000.0|680447000.0|680447000.0|215675000.0|403896000.0|403896000.0|399900000.0|0.0|10.64270311|0.99791851|2.98853913||263077000.0|263077000.0|49497000.0|1.30425128|1849288000.0|1522913000.0|40.12892159|-613000.0
2012-04-30|6987804000.0|6987804000.0|5987659000.0|1000145000.0|0.0|688431000.0|215162000.0|215162000.0|35192000.0|179970000.0|65276000.0|114694000.0|0.0|114694000.0|114694000.0|0.0|3.01|3.01|2.99|38080309.0||0.6|294879000.0|96899000.0|-278122000.0|-238678000.0|-20410000.0|-1972000.0|4411000.0|-22849000.0|0.0|-3653000.0|1774815000.0|279278000.0|1495537000.0|55919000.0|55919000.0|21700000.0|104385000.0|170794000.0|1268774000.0|306641000.0|962133000.0|678667000.0|678667000.0|211165000.0|506041000.0|506041000.0|493842000.0|0.0|13.28878397|0.91076536|2.50725534||312061000.0|312061000.0|56201000.0|1.47585462|1986537000.0|1670430000.0|43.86597808|-27363000.0
2013-04-30|7250840000.0|7250840000.0|6179771000.0|1071069000.0|0.0|760365000.0|198881000.0|198881000.0|35265000.0|163616000.0|59802000.0|103814000.0|0.0|103814000.0|103814000.0|0.0|2.71|2.71|2.69|38330007.0||0.66|286328000.0|112018000.0|-331284000.0|-301757000.0|30308000.0|48343000.0|6650000.0|-24685000.0|0.0|-14648000.0|1990168000.0|278967000.0|1711201000.0|41271000.0|41271000.0|20900000.0|114791000.0|189514000.0|1396781000.0|412806000.0|983975000.0|727991000.0|727991000.0|232913000.0|593387000.0|593387000.0|570268000.0|0.0|15.48100422|0.67578233|2.35391237||310899000.0|310899000.0|-15429000.0|-0.40253058|2149291000.0|1875377000.0|48.92712386|-133839000.0
2014-04-30|7840255000.0|7840255000.0|6618239000.0|1222016000.0|0.0|857297000.0|233559000.0|233559000.0|39915000.0|193644000.0|66824000.0|126820000.0|0.0|126820000.0|126820000.0|0.0|3.3|3.3|3.26|38488037.0||0.72|314160000.0|131160000.0|-336889000.0|-305305000.0|103099000.0|125035000.0|5159000.0|-27095000.0|0.0|80370000.0|2304876000.0|389558000.0|1915318000.0|121641000.0|121641000.0|25841000.0|120406000.0|204833000.0|1601612000.0|390889000.0|1210723000.0|854195000.0|854195000.0|250807000.0|703264000.0|703264000.0|669386000.0|0.0|18.2722751|0.99659494|2.27739796||364719000.0|364719000.0|8855000.0|0.23007149|2526135000.0|2184470000.0|56.7571165|-1331000.0
2015-04-30|7767216000.0|7767216000.0|6327431000.0|1439785000.0|0.0|960424000.0|323250000.0|323250000.0|41225000.0|282025000.0|101397000.0|180628000.0|0.0|180628000.0|180628000.0|0.0|4.66|4.66|4.62|38851450.0||0.8|341682000.0|156111000.0|-399143000.0|-357986000.0|-15639000.0|-553000.0|15089000.0|-30175000.0|0.0|-73100000.0|2469965000.0|305260000.0|2164705000.0|48541000.0|48541000.0|22609000.0|127046000.0|197331000.0|1594736000.0|364889000.0|1229847000.0|853643000.0|853643000.0|226577000.0|875229000.0|875229000.0|818955000.0|0.0|22.52757619|0.83658318|1.82207856||479361000.0|479361000.0|-16304000.0|-0.41964972|2783132000.0|2342919000.0|60.30454462|-59629000.0
2016-04-30|7122086000.0|7122086000.0|5508465000.0|1613621000.0|0.0|1053805000.0|388879000.0|388879000.0|40173000.0|348706000.0|122724000.0|225982000.0|0.0|225982000.0|225982000.0|0.0|5.79|5.79|5.73|39050570.0||0.88|464709000.0|170937000.0|-394968000.0|-387705000.0|-42507000.0|-15399000.0|6419000.0|-33527000.0|0.0|27234000.0|2725907000.0|325885000.0|2400022000.0|75775000.0|75775000.0|27701000.0|128566000.0|204988000.0|1642444000.0|387571000.0|1254873000.0|838003000.0|838003000.0|241207000.0|1083463000.0|1083463000.0|1010595000.0|0.0|27.74512638|0.84083948|1.51592071||559816000.0|559816000.0|77004000.0|1.97190464|2971998000.0|2597341000.0|66.51224297|-61686000.0
