Date|REVENUE|REVENUEUSD|COR|GP|RND|SGNA|EBIT|EBITUSD|INTEXP|EBT|TAXEXP|NETINC|PREFDIVIS|NETINCCMN|NETINCCMNUSD|NETINCDIS|EPS|EPSUSD|EPSDIL|SHARESWA|SHARESWADIL|DPS|NCFO|DEPAMOR|NCFI|CAPEX|NCFF|NCFDEBT|NCFCOMMON|NCFDIV|NCFX|NCF|ASSETS|ASSETSC|ASSETSNC|CASHNEQ|CASHNEQUSD|RECEIVABLES|INTANGIBLES|INVENTORY|LIABILITIES|LIABILITIESC|LIABILITIESNC|DEBT|DEBTUSD|PAYABLES|EQUITY|EQUITYUSD|RETEARN|ACCOCI|BVPS|CURRENTRATIO|DE|DILUTIONRATIO|EBITDA|EBITDAUSD|FCF|FCFPS|INVCAP|TANGIBLES|TBVPS|WORKINGCAPITAL
2009-05-31|16737973.0|16737973.0|12077686.0|4660287.0|0.0|3770942.0|920417.0|920417.0|67223.0|853194.0|281300.0|571894.0|0.0|571894.0|571894.0|0.0|0.18|0.18|0.18|3222095.0||0.0|594869.0|422495.0|-688997.0|-675800.0|28705.0|20490.0|8215.0|0.0|0.0|-65423.0|17431127.0|12798206.0|4632921.0|45297.0|45297.0|4648181.0|0.0|7530358.0|4247294.0|3852049.0|395245.0|1182111.0|1182111.0|886963.0|13183833.0|13183833.0|8920557.0|0.0|4.09169593|3.32244112|0.32215927||1342912.0|1342912.0|-80931.0|-0.02511751|14715892.0|17431127.0|5.4098737|8946157.0
2010-05-31|17875371.0|17875371.0|11804465.0|6070906.0|0.0|4307253.0|1790855.0|1790855.0|15698.0|1775157.0|188200.0|1586957.0|0.0|1586957.0|1586957.0|0.0|0.49|0.49|0.49|3230273.0||0.0|1508691.0|442263.0|-220003.0|-252326.0|-1136398.0|-1167485.0|31087.0|0.0|0.0|152290.0|19878028.0|15470435.0|4407593.0|2193534.0|2193534.0|6326647.0|0.0|6198601.0|3494923.0|3212781.0|282142.0|5485.0|5485.0|1292095.0|16383105.0|16383105.0|11924023.0|0.0|5.07174007|4.81527841|0.21332482||2233118.0|2233118.0|1256365.0|0.38893462|14477198.0|19878028.0|6.15366813|12257654.0
2011-05-31|20906306.0|20906306.0|15347519.0|5558787.0|0.0|4076296.0|1699925.0|1699925.0|-9784.0|1709709.0|293200.0|1416509.0|0.0|1416509.0|1416509.0|0.0|0.44|0.44|0.44|3231199.0||0.0|2395411.0|470755.0|-392016.0|-386401.0|-7448.0|-5484.0|-1964.0|0.0|0.0|1995947.0|19878028.0|15470435.0|4407593.0|2193534.0|2193534.0|6326647.0|0.0|6198601.0|3494923.0|3212781.0|282142.0|9142.0|9142.0|1292095.0|16383105.0|16383105.0|11924023.0|0.0|5.0702866|4.81527841|0.21332482||2170680.0|2170680.0|2009010.0|0.62175372|14480855.0|19878028.0|6.1519046|12257654.0
2012-05-31|29006812.0|29006812.0|20140382.0|8866430.0|0.0|5979349.0|2920496.0|2920496.0|-28435.0|2948931.0|750000.0|2198931.0|0.0|2198931.0|2198931.0|0.0|0.67|0.67|0.67|3286294.0||0.0|-1113720.0|482152.0|-1556239.0|-1550659.0|550377.0|252515.0|297862.0|0.0|0.0|-2119582.0|26461897.0|20981560.0|5480337.0|73952.0|73952.0|11102356.0|0.0|9217369.0|7465237.0|7181252.0|283985.0|261657.0|261657.0|3361742.0|18996660.0|18996660.0|14122954.0|0.0|5.78057228|2.92171337|0.39297629||3402648.0|3402648.0|-2664379.0|-0.81075491|19468350.0|26461897.0|8.05220014|13800308.0
2013-05-31|24729585.0|24729585.0|15965255.0|8764330.0|0.0|5297668.0|3505254.0|3505254.0|45460.0|3459794.0|912000.0|2547794.0|0.0|2547794.0|2547794.0|0.0|0.77|0.77|0.76|3311035.0||0.0|5472861.0|564262.0|-3298999.0|-3293471.0|-249940.0|-258000.0|11717.0|0.0|0.0|1923922.0|25618509.0|17343970.0|8274539.0|1997874.0|1997874.0|4702397.0|0.0|10028485.0|3952752.0|3554567.0|398185.0|0.0|0.0|1209597.0|21665757.0|21665757.0|16670748.0|0.0|6.54349984|4.87934817|0.18244237||4069516.0|4069516.0|2179390.0|0.65822016|20066068.0|25618509.0|7.73731144|13789403.0
2014-05-31|20011228.0|20011228.0|14545882.0|5465346.0|0.0|3919594.0|1567352.0|1567352.0|-860.0|1568212.0|437000.0|1131212.0|0.0|1131212.0|1131212.0|0.0|0.34|0.34|0.34|3342816.0||0.0|1984032.0|699039.0|-1361095.0|-1355605.0|172831.0|0.0|172831.0|0.0|0.0|795768.0|27430776.0|18561911.0|8868865.0|2793642.0|2793642.0|5268135.0|0.0|9814871.0|4348805.0|3790320.0|558485.0|0.0|0.0|1166162.0|23081971.0|23081971.0|17801960.0|0.0|6.9049481|4.89718836|0.188407||2266391.0|2266391.0|628427.0|0.1879933|20846814.0|27430776.0|8.20588869|14771591.0
2015-05-31|30589266.0|30589266.0|21844715.0|8744551.0|0.0|5683108.0|3069960.0|3069960.0|-3988.0|3073948.0|899000.0|2174948.0|0.0|2174948.0|2174948.0|0.0|0.65|0.65|0.64|3356254.0||0.0|2776316.0|740844.0|-752054.0|-746627.0|77994.0|0.0|77994.0|0.0|0.0|2102256.0|33665108.0|24731673.0|8933435.0|4895898.0|4895898.0|9924713.0|0.0|9551985.0|8214126.0|7585341.0|628785.0|0.0|0.0|2703065.0|25450982.0|25450982.0|19976908.0|0.0|7.58315133|3.26045632|0.32274299||3810804.0|3810804.0|2029689.0|0.60474833|21183869.0|33665108.0|10.03056026|17146332.0
2016-05-31|35680449.0|35680449.0|23243451.0|12436998.0|0.0|6688591.0|5755477.0|5755477.0|-10748.0|5766225.0|1558000.0|4208225.0|0.0|4208225.0|4208225.0|0.0|1.24|1.24|1.21|3397965.0||0.0|3788077.0|818385.0|-2944733.0|-1939378.0|346838.0|0.0|346838.0|0.0|0.0|1190182.0|37488299.0|27621402.0|9866897.0|6086080.0|6086080.0|9492985.0|0.0|10301999.0|7331070.0|6648085.0|682985.0|0.0|0.0|1767017.0|30157229.0|30157229.0|24185133.0|0.0|8.87508523|4.15479074|0.24309495||6573862.0|6573862.0|1848699.0|0.54406064|24754134.0|37488299.0|11.03257361|20973317.0
