Date|REVENUE|REVENUEUSD|COR|GP|RND|SGNA|EBIT|EBITUSD|INTEXP|EBT|TAXEXP|NETINC|PREFDIVIS|NETINCCMN|NETINCCMNUSD|NETINCDIS|EPS|EPSUSD|EPSDIL|SHARESWA|SHARESWADIL|DPS|NCFO|DEPAMOR|NCFI|CAPEX|NCFF|NCFDEBT|NCFCOMMON|NCFDIV|NCFX|NCF|ASSETS|ASSETSC|ASSETSNC|CASHNEQ|CASHNEQUSD|RECEIVABLES|INTANGIBLES|INVENTORY|LIABILITIES|LIABILITIESC|LIABILITIESNC|DEBT|DEBTUSD|PAYABLES|EQUITY|EQUITYUSD|RETEARN|ACCOCI|BVPS|CURRENTRATIO|DE|DILUTIONRATIO|EBITDA|EBITDAUSD|FCF|FCFPS|INVCAP|TANGIBLES|TBVPS|WORKINGCAPITAL
2009-06-30|341724000.0|341724000.0|181508000.0|160216000.0|0.0|175419000.0|-18652000.0|-18652000.0|335000.0|-18987000.0|14283000.0|-33270000.0|0.0|-33270000.0|-33270000.0|0.0|-2.29|-2.29|-2.29|14508320.0|14508320.0|0.46|87244000.0|18292000.0|-86583000.0|-38296000.0|9404000.0|16035000.0|0.0|-6631000.0|0.0|10065000.0|330017000.0|186546000.0|143471000.0|20038000.0|20038000.0|45744000.0|28758000.0|68961000.0|133528000.0|74756000.0|58772000.0|17434000.0|17434000.0|34627000.0|196489000.0|196489000.0|217792000.0|-34912000.0|13.54319453|2.49539836|0.67956985|1.0|-360000.0|-360000.0|48948000.0|3.37378828|223899000.0|301259000.0|20.76456819|111790000.0
2010-06-30|450318000.0|450318000.0|252754000.0|197564000.0|0.0|236756000.0|-25496000.0|-25496000.0|986000.0|-26482000.0|-2529000.0|-23953000.0|0.0|-23953000.0|-23953000.0|0.0|-1.61|-1.61|-1.61|14866306.0|14866306.0|0.46|-1047000.0|26778000.0|-28047000.0|-28047000.0|13205000.0|20144000.0|0.0|-6939000.0|0.0|-15889000.0|339121000.0|189956000.0|149165000.0|4149000.0|4149000.0|42596000.0|23904000.0|83712000.0|173526000.0|98546000.0|74980000.0|41024000.0|41024000.0|34053000.0|165595000.0|165595000.0|186900000.0|-39699000.0|11.13894736|1.92758712|1.04789396|1.0|1282000.0|1282000.0|-29094000.0|-1.95704299|253546000.0|315217000.0|21.20345162|91410000.0
2011-06-30|463945000.0|463945000.0|306458000.0|157487000.0|0.0|220049000.0|-63464000.0|-63464000.0|1965000.0|-65429000.0|-13396000.0|-52033000.0|0.0|-52033000.0|-52033000.0|0.0|-3.45|-3.45|-3.45|15066663.0|15066663.0|0.29|33937000.0|31758000.0|-17395000.0|-17395000.0|-14610000.0|-9953000.0|0.0|-4657000.0|0.0|1932000.0|290053000.0|157410000.0|132643000.0|6081000.0|6081000.0|43501000.0|14639000.0|79759000.0|161938000.0|103462000.0|58476000.0|39998000.0|39998000.0|42473000.0|128115000.0|128115000.0|129784000.0|-23888000.0|8.50321003|1.52142816|1.264005|1.0|-31706000.0|-31706000.0|16542000.0|1.09792062|205869000.0|275414000.0|18.27969471|53948000.0
2012-06-30|498701000.0|498701000.0|332309000.0|166392000.0|0.0|178353000.0|-24786000.0|-24786000.0|2137000.0|-26923000.0|-347000.0|-26576000.0|0.0|-26576000.0|-26576000.0|0.0|-1.72|-1.72|-1.72|15492314.0|15492314.0|0.0|18133000.0|32113000.0|-14461000.0|-14461000.0|-5847000.0|-5847000.0|0.0|0.0|0.0|-2175000.0|257916000.0|136178000.0|121738000.0|5518000.0|5518000.0|40736000.0|7615000.0|65981000.0|174364000.0|86737000.0|87627000.0|44993000.0|44993000.0|27266000.0|83552000.0|83552000.0|102542000.0|-44496000.0|5.39312591|1.57001049|2.086892|1.0|7327000.0|7327000.0|3672000.0|0.23702076|203039000.0|250301000.0|16.15646313|49441000.0
2013-06-30|513869000.0|513869000.0|328693000.0|185176000.0|0.0|189179000.0|-7505000.0|-7505000.0|1782000.0|-9287000.0|-825000.0|-8462000.0|0.0|-8462000.0|-8462000.0|0.0|-0.54|-0.54|-0.54|15604452.0|15604452.0|0.0|21927000.0|32542000.0|-10228000.0|-10228000.0|-12927000.0|-14130000.0|1203000.0|0.0|0.0|-1228000.0|244136000.0|139749000.0|104387000.0|10762000.0|10762000.0|43922000.0|6277000.0|60867000.0|162298000.0|76550000.0|85748000.0|31822000.0|31822000.0|27740000.0|81838000.0|81838000.0|94080000.0|-42514000.0|5.24452893|1.82559112|1.98316186|1.0|25037000.0|25037000.0|11699000.0|0.74972194|182369000.0|237859000.0|15.24302167|63199000.0
2014-06-30|528380000.0|528380000.0|332466000.0|195914000.0|0.0|190812000.0|14095000.0|14095000.0|1258000.0|12837000.0|705000.0|12132000.0|0.0|12132000.0|12132000.0|0.0|0.76|0.76|0.76|15909631.0|16014587.0|0.0|52895000.0|27334000.0|-20731000.0|-20731000.0|-22849000.0|-24329000.0|1480000.0|0.0|0.0|9315000.0|266177000.0|157460000.0|108717000.0|11993000.0|11993000.0|42230000.0|5628000.0|71044000.0|151313000.0|76870000.0|74443000.0|9781000.0|9781000.0|44336000.0|114864000.0|114864000.0|106212000.0|-27792000.0|7.21977776|2.04839339|1.3173231|1.00659701|41429000.0|41429000.0|32164000.0|2.02166851|181467000.0|260549000.0|16.37680974|80590000.0
2015-06-30|545882000.0|545882000.0|348846000.0|197036000.0|0.0|182926000.0|1823000.0|1823000.0|769000.0|1054000.0|402000.0|652000.0|0.0|652000.0|652000.0|0.0|0.04|0.04|0.04|16127610.0|16267134.0|0.0|26930000.0|24179000.0|-20143000.0|-18943000.0|-3620000.0|-5052000.0|1548000.0|0.0|0.0|3167000.0|240943000.0|135685000.0|105258000.0|16162000.0|16162000.0|40161000.0|6691000.0|50522000.0|150932000.0|64874000.0|86058000.0|5926000.0|5926000.0|27023000.0|90011000.0|90011000.0|106864000.0|-60420000.0|5.58117415|2.09151586|1.67681728|1.00865125|26002000.0|26002000.0|7987000.0|0.49523767|159142000.0|234252000.0|14.52490481|70811000.0
2016-06-30|544382000.0|544382000.0|335907000.0|208475000.0|0.0|192168000.0|10346000.0|10346000.0|425000.0|9921000.0|-79997000.0|89918000.0|0.0|89918000.0|89918000.0|0.0|5.45|5.45|5.41|16502523.0|16627402.0|0.0|27628000.0|20774000.0|-39530000.0|-20104000.0|17837000.0|-3124000.0|1694000.0|0.0|0.0|5935000.0|368991000.0|153365000.0|215626000.0|21095000.0|21095000.0|44364000.0|6491000.0|46378000.0|186397000.0|56837000.0|129560000.0|2468000.0|2468000.0|23919000.0|182594000.0|182594000.0|196782000.0|-63632000.0|11.06461115|2.69833031|1.02082763|1.00756727|31120000.0|31120000.0|7524000.0|0.45593028|287036000.0|362500000.0|21.96633812|96528000.0
