Date|REVENUE|REVENUEUSD|COR|GP|RND|SGNA|EBIT|EBITUSD|INTEXP|EBT|TAXEXP|NETINC|PREFDIVIS|NETINCCMN|NETINCCMNUSD|NETINCDIS|EPS|EPSUSD|EPSDIL|SHARESWA|SHARESWADIL|DPS|NCFO|DEPAMOR|NCFI|CAPEX|NCFF|NCFDEBT|NCFCOMMON|NCFDIV|NCFX|NCF|ASSETS|ASSETSC|ASSETSNC|CASHNEQ|CASHNEQUSD|RECEIVABLES|INTANGIBLES|INVENTORY|LIABILITIES|LIABILITIESC|LIABILITIESNC|DEBT|DEBTUSD|PAYABLES|EQUITY|EQUITYUSD|RETEARN|ACCOCI|BVPS|CURRENTRATIO|DE|DILUTIONRATIO|EBITDA|EBITDAUSD|FCF|FCFPS|INVCAP|TANGIBLES|TBVPS|WORKINGCAPITAL
2009-04-30|3757933000.0|3757933000.0|2506504000.0|1251429000.0|0.0|673565000.0|458543000.0|458543000.0|62478000.0|396065000.0|130112000.0|265953000.0|0.0|265953000.0|265953000.0|0.0|3.11|3.11|3.11|118430106.0||6.28|446993000.0|118273000.0|-176981000.0|-108107000.0|12601000.0|400000000.0|-2049000.0|-384876000.0|2539000.0|285152000.0|8192161000.0|1398891000.0|6793270000.0|456693000.0|456693000.0|266037000.0|5890367000.0|603926000.0|3252230000.0|1061236000.0|2190994000.0|1536726000.0|1536726000.0|240402000.0|4939931000.0|4939931000.0|424504000.0|-57270000.0|41.711784|1.31817145|0.65835535||576816000.0|576816000.0|338886000.0|2.86148524|2320591000.0|2301794000.0|19.43588567|337655000.0
2010-04-30|4605289000.0|4605289000.0|2818599000.0|1786690000.0|0.0|878221000.0|795940000.0|795940000.0|65187000.0|730753000.0|236615000.0|494138000.0|0.0|494138000.0|494138000.0|0.0|4.15|4.15|4.15|119122549.0||1.4|713478000.0|185752000.0|-104443000.0|-136778000.0|-788548000.0|-625000000.0|844000.0|-166224000.0|6390000.0|-173123000.0|7974853000.0|1223630000.0|6751223000.0|283570000.0|283570000.0|238867000.0|5834245000.0|654939000.0|2648533000.0|478897000.0|2169636000.0|910000000.0|910000000.0|227157000.0|5326320000.0|5326320000.0|746063000.0|-20581000.0|44.71294515|2.55510057|0.49725383||981692000.0|981692000.0|576700000.0|4.84123287|2288141000.0|2140608000.0|17.9697968|744733000.0
2011-04-30|4825700000.0|4825700000.0|3027200000.0|1798500000.0|0.0|863100000.0|784300000.0|784300000.0|67100000.0|717200000.0|237700000.0|479500000.0|0.0|479500000.0|479500000.0|0.0|4.06|4.06|4.05|115988437.0||1.64|391600000.0|239600000.0|-192900000.0|-174300000.0|-170400000.0|390000000.0|-374600000.0|-194000000.0|7900000.0|36200000.0|8324585000.0|1636999000.0|6687586000.0|319845000.0|319845000.0|344410000.0|5752756000.0|863579000.0|3032222000.0|482676000.0|2549546000.0|1304039000.0|1304039000.0|285152000.0|5292363000.0|5292363000.0|866933000.0|3629000.0|45.62836725|3.39150693|0.57294294||1023900000.0|1023900000.0|217300000.0|1.87346261|3073347000.0|2571829000.0|22.1731499|1154323000.0
2012-04-30|5525800000.0|5525800000.0|3680600000.0|1845200000.0|0.0|892700000.0|781000000.0|781000000.0|79800000.0|701200000.0|241500000.0|459700000.0|0.0|459700000.0|459700000.0|0.0|4.06|4.06|4.06|112018740.0||1.88|730900000.0|247000000.0|-1035900000.0|-270200000.0|219600000.0|748600000.0|-313000000.0|-213700000.0|-4700000.0|-90100000.0|9115200000.0|1643500000.0|7471700000.0|229700000.0|229700000.0|347500000.0|6241600000.0|961600000.0|3951840000.0|616900000.0|3334868000.0|2070500000.0|2070500000.0|327600000.0|5163400000.0|5163400000.0|961200000.0|-84000000.0|46.09407319|2.66412709|0.76535616||1028000000.0|1028000000.0|460700000.0|4.11270471|4097500000.0|2873600000.0|25.65285059|1026600000.0
2013-04-30|5897700000.0|5897700000.0|3870100000.0|2027600000.0|0.0|973900000.0|910700000.0|910700000.0|93400000.0|817300000.0|273100000.0|544200000.0|0.0|544200000.0|544200000.0|0.0|5.0|5.0|5.0|107257848.0||2.04|855800000.0|250900000.0|-185600000.0|-203200000.0|-641000000.0|-50000000.0|-362000000.0|-222800000.0|-2500000.0|26700000.0|9031800000.0|1595200000.0|7436600000.0|256400000.0|256400000.0|313700000.0|6142300000.0|945500000.0|3883000000.0|596800000.0|3286200000.0|2017800000.0|2017800000.0|341200000.0|5148800000.0|5148800000.0|1075500000.0|-76600000.0|48.00394653|2.67292225|0.75415631||1161600000.0|1161600000.0|652600000.0|6.08440326|4054100000.0|2889500000.0|26.93975363|998400000.0
2014-04-30|5610600000.0|5610600000.0|3579600000.0|2031000000.0|0.0|988800000.0|929100000.0|929100000.0|79400000.0|849700000.0|284500000.0|565200000.0|0.0|565200000.0|565200000.0|0.0|5.42|5.42|5.42|103688935.0||2.26|856000000.0|256400000.0|-370300000.0|-268800000.0|-575500000.0|198400000.0|-508500000.0|-238000000.0|-13100000.0|-102900000.0|9060200000.0|1539100000.0|7521100000.0|153500000.0|153500000.0|309400000.0|6122500000.0|931000000.0|4030600000.0|885800000.0|3144800000.0|2216300000.0|2216300000.0|348200000.0|5029600000.0|5029600000.0|1091000000.0|-51600000.0|48.50662224|1.7375254|0.80137585||1185500000.0|1185500000.0|587200000.0|5.66309221|4114700000.0|2937700000.0|28.33185624|653300000.0
2015-04-30|5692700000.0|5692700000.0|3724000000.0|1968700000.0|0.0|1031300000.0|602900000.0|602900000.0|79900000.0|523000000.0|178100000.0|344900000.0|0.0|344900000.0|344900000.0|0.0|3.33|3.33|3.33|101762584.0||2.5|733200000.0|268400000.0|-1595700000.0|-245100000.0|863200000.0|1166200000.0|-24300000.0|-254000000.0|-28600000.0|-27900000.0|16806300000.0|1983900000.0|14822400000.0|125600000.0|125600000.0|430100000.0|12961900000.0|1163600000.0|9719400000.0|1022600000.0|8696800000.0|6170900000.0|6170900000.0|479300000.0|7086900000.0|7086900000.0|1159200000.0|-109800000.0|69.64150989|1.94005476|1.37146002||871300000.0|871300000.0|488100000.0|4.79645839|8867100000.0|3844400000.0|37.77812875|961300000.0
2016-04-30|7811200000.0|7811200000.0|4843400000.0|2967800000.0|0.0|1510300000.0|1149000000.0|1149000000.0|171100000.0|977900000.0|289200000.0|688700000.0|0.0|688700000.0|688700000.0|0.0|5.77|5.77|5.76|119684293.0||2.65|1458300000.0|430100000.0|21700000.0|-197400000.0|-1496200000.0|-742000000.0|-441100000.0|-316600000.0|400000.0|-15800000.0|15984100000.0|1573400000.0|14410700000.0|109800000.0|109800000.0|450100000.0|12585500000.0|899400000.0|8975600000.0|1213000000.0|7762600000.0|5430000000.0|5430000000.0|459400000.0|7008500000.0|7008500000.0|1267700000.0|-148400000.0|58.55822702|1.29711459|1.28067347||1579100000.0|1579100000.0|1260900000.0|10.53521701|7505800000.0|3398600000.0|28.39637445|360400000.0
