Date|REVENUE|REVENUEUSD|COR|GP|RND|SGNA|EBIT|EBITUSD|INTEXP|EBT|TAXEXP|NETINC|PREFDIVIS|NETINCCMN|NETINCCMNUSD|NETINCDIS|EPS|EPSUSD|EPSDIL|SHARESWA|SHARESWADIL|DPS|NCFO|DEPAMOR|NCFI|CAPEX|NCFF|NCFDEBT|NCFCOMMON|NCFDIV|NCFX|NCF|ASSETS|ASSETSC|ASSETSNC|CASHNEQ|CASHNEQUSD|RECEIVABLES|INTANGIBLES|INVENTORY|LIABILITIES|LIABILITIESC|LIABILITIESNC|DEBT|DEBTUSD|PAYABLES|EQUITY|EQUITYUSD|RETEARN|ACCOCI|BVPS|CURRENTRATIO|DE|DILUTIONRATIO|EBITDA|EBITDAUSD|FCF|FCFPS|INVCAP|TANGIBLES|TBVPS|WORKINGCAPITAL
2009-05-31|23252000000.0|23252000000.0|4794000000.0|18458000000.0|2767000000.0|5423000000.0|8464000000.0|8464000000.0|630000000.0|7834000000.0|2241000000.0|5593000000.0|0.0|5593000000.0|5593000000.0|0.0|1.1|1.1|1.09|5070000000.0|5130000000.0|0.05|8255000000.0|1976000000.0|-2599000000.0|-529000000.0|-4422000000.0|-1004000000.0|-3212000000.0|-250000000.0|-501000000.0|733000000.0|47416000000.0|18581000000.0|28835000000.0|8995000000.0|8995000000.0|4430000000.0|26111000000.0|0.0|21971000000.0|9149000000.0|12822000000.0|10238000000.0|10238000000.0|271000000.0|25090000000.0|25090000000.0|11894000000.0|216000000.0|4.94871795|2.03093234|0.87568752|1.01183432|10440000000.0|10440000000.0|7726000000.0|1.52386588|13399000000.0|21305000000.0|4.20216963|9432000000.0
2010-05-31|26820000000.0|26820000000.0|5764000000.0|21056000000.0|3254000000.0|5991000000.0|8997000000.0|8997000000.0|754000000.0|8243000000.0|2108000000.0|6135000000.0|0.0|6135000000.0|6135000000.0|0.0|1.22|1.22|1.21|5014000000.0|5073000000.0|0.2|8681000000.0|2271000000.0|-10319000000.0|-230000000.0|2664000000.0|3638000000.0|-118000000.0|-1004000000.0|-107000000.0|919000000.0|61578000000.0|27004000000.0|34574000000.0|9914000000.0|9914000000.0|5585000000.0|29746000000.0|259000000.0|30379000000.0|14691000000.0|15688000000.0|14655000000.0|14655000000.0|775000000.0|30798000000.0|30798000000.0|16146000000.0|4000000.0|6.14240128|1.83813219|0.98639522|1.01176705|11268000000.0|11268000000.0|8451000000.0|1.68548065|21882000000.0|31832000000.0|6.34862385|12313000000.0
2011-05-31|35622000000.0|35622000000.0|8398000000.0|27224000000.0|4519000000.0|7549000000.0|12219000000.0|12219000000.0|808000000.0|11411000000.0|2864000000.0|8547000000.0|0.0|8547000000.0|8547000000.0|0.0|1.69|1.69|1.67|5048000000.0|5128000000.0|0.21|11214000000.0|2796000000.0|-6081000000.0|-345000000.0|516000000.0|1211000000.0|216000000.0|-1061000000.0|600000000.0|6249000000.0|73535000000.0|39174000000.0|34361000000.0|16163000000.0|16163000000.0|6628000000.0|29413000000.0|303000000.0|33290000000.0|14192000000.0|19098000000.0|15922000000.0|15922000000.0|494000000.0|39776000000.0|39776000000.0|22581000000.0|542000000.0|7.87955626|2.76028749|0.83693685|1.01584786|15015000000.0|15015000000.0|10869000000.0|2.15312995|29689000000.0|44122000000.0|8.74049128|24982000000.0
2012-05-31|37121000000.0|37121000000.0|7995000000.0|29126000000.0|4523000000.0|8116000000.0|13728000000.0|13728000000.0|766000000.0|12962000000.0|2981000000.0|9981000000.0|0.0|9981000000.0|9981000000.0|0.0|1.99|1.99|1.96|5015000000.0|5095000000.0|0.24|13743000000.0|2916000000.0|-8381000000.0|-648000000.0|-6099000000.0|295000000.0|-5123000000.0|-1205000000.0|-471000000.0|-1208000000.0|78327000000.0|40023000000.0|38304000000.0|14955000000.0|14955000000.0|6377000000.0|33018000000.0|158000000.0|34240000000.0|15388000000.0|18852000000.0|16474000000.0|16474000000.0|438000000.0|43688000000.0|43688000000.0|26087000000.0|112000000.0|8.7114656|2.6009228|0.78373924|1.01595214|16644000000.0|16644000000.0|13095000000.0|2.6111665|31440000000.0|45309000000.0|9.03469591|24635000000.0
2013-05-31|37180000000.0|37180000000.0|7379000000.0|29801000000.0|4850000000.0|8134000000.0|14695000000.0|14695000000.0|797000000.0|13898000000.0|2973000000.0|10925000000.0|0.0|10925000000.0|10925000000.0|0.0|2.29|2.29|2.26|4769000000.0|4844000000.0|0.3|14224000000.0|2931000000.0|-5956000000.0|-650000000.0|-8500000000.0|2024000000.0|-9494000000.0|-1433000000.0|-110000000.0|-342000000.0|81812000000.0|41692000000.0|40120000000.0|14613000000.0|14613000000.0|6049000000.0|33983000000.0|240000000.0|36667000000.0|12872000000.0|23795000000.0|18494000000.0|18494000000.0|419000000.0|44648000000.0|44648000000.0|25854000000.0|-99000000.0|9.36213043|3.2389683|0.82124619|1.01572657|17626000000.0|17626000000.0|13574000000.0|2.84629901|38838000000.0|47829000000.0|10.02914657|28820000000.0
2014-05-31|38275000000.0|38275000000.0|7236000000.0|31039000000.0|5151000000.0|8605000000.0|14618000000.0|14618000000.0|914000000.0|13704000000.0|2749000000.0|10955000000.0|0.0|10955000000.0|10955000000.0|0.0|2.42|2.42|2.38|4528000000.0|4604000000.0|0.48|14921000000.0|2908000000.0|-7539000000.0|-580000000.0|-4068000000.0|5566000000.0|-7678000000.0|-2178000000.0|-158000000.0|3156000000.0|90266000000.0|48128000000.0|42138000000.0|17769000000.0|17769000000.0|6087000000.0|35789000000.0|189000000.0|42819000000.0|14389000000.0|28430000000.0|24097000000.0|24097000000.0|471000000.0|46878000000.0|46878000000.0|25965000000.0|-164000000.0|10.35291519|3.34477726|0.91341354|1.01678445|17526000000.0|17526000000.0|14341000000.0|3.16718198|46416000000.0|54477000000.0|12.03113958|33739000000.0
2015-05-31|38226000000.0|38226000000.0|7532000000.0|30694000000.0|5524000000.0|8732000000.0|13977000000.0|13977000000.0|1143000000.0|12834000000.0|2896000000.0|9938000000.0|0.0|9938000000.0|9938000000.0|0.0|2.26|2.26|2.21|4404000000.0|4503000000.0|0.51|14336000000.0|2861000000.0|-19047000000.0|-1391000000.0|9850000000.0|18342000000.0|-6285000000.0|-2255000000.0|-1192000000.0|3947000000.0|110903000000.0|62520000000.0|48383000000.0|21716000000.0|21716000000.0|5618000000.0|40493000000.0|314000000.0|61805000000.0|15206000000.0|46599000000.0|41958000000.0|41958000000.0|806000000.0|48663000000.0|48663000000.0|26503000000.0|-996000000.0|11.04972752|4.11153492|1.27006144|1.02247956|16838000000.0|16838000000.0|12945000000.0|2.9393733|75446000000.0|70410000000.0|15.98773842|47314000000.0
2016-05-31|37047000000.0|37047000000.0|7479000000.0|29568000000.0|5787000000.0|9039000000.0|12909000000.0|12909000000.0|1467000000.0|11442000000.0|2541000000.0|8901000000.0|0.0|8901000000.0|8901000000.0|0.0|2.11|2.11|2.07|4221000000.0|4305000000.0|0.6|13561000000.0|2509000000.0|-5154000000.0|-1189000000.0|-9856000000.0|1750000000.0|-9104000000.0|-2541000000.0|-115000000.0|-1564000000.0|112179999999.99998|64313000000.0|47867000000.0|20152000000.0|20152000000.0|5385000000.0|39533000000.0|212000000.0|64390000000.0|17208000000.0|47182000000.0|43855000000.0|43855000000.0|504000000.0|47289000000.0|47289000000.0|23888000000.0|-816000000.0|11.20326937|3.73738959|1.36162744|1.0199005|15418000000.0|15418000000.0|12372000000.0|2.93105899|79142000000.0|72647000000.0|17.21085051|47105000000.0
