Date|REVENUE|REVENUEUSD|COR|GP|RND|SGNA|EBIT|EBITUSD|INTEXP|EBT|TAXEXP|NETINC|PREFDIVIS|NETINCCMN|NETINCCMNUSD|NETINCDIS|EPS|EPSUSD|EPSDIL|SHARESWA|SHARESWADIL|DPS|NCFO|DEPAMOR|NCFI|CAPEX|NCFF|NCFDEBT|NCFCOMMON|NCFDIV|NCFX|NCF|ASSETS|ASSETSC|ASSETSNC|CASHNEQ|CASHNEQUSD|RECEIVABLES|INTANGIBLES|INVENTORY|LIABILITIES|LIABILITIESC|LIABILITIESNC|DEBT|DEBTUSD|PAYABLES|EQUITY|EQUITYUSD|RETEARN|ACCOCI|BVPS|CURRENTRATIO|DE|DILUTIONRATIO|EBITDA|EBITDAUSD|FCF|FCFPS|INVCAP|TANGIBLES|TBVPS|WORKINGCAPITAL
2009-06-30|76694000000.0|76694000000.0|38690000000.0|38004000000.0|0.0|22630000000.0|18527000000.0|18527000000.0|1358000000.0|17169000000.0|3733000000.0|13436000000.0|0.0|13436000000.0|13436000000.0|-2756000000.0|4.49|4.49|4.26|2914701790.0||1.64|14919000000.0|3082000000.0|-2353000000.0|-3238000000.0|-10814000000.0|-81000000.0|-5689000000.0|-5044000000.0|-284000000.0|1468000000.0|134833000000.0|21905000000.0|112928000000.0|4781000000.0|4781000000.0|5836000000.0|89118000000.0|6880000000.0|71451000000.0|30901000000.0|40550000000.0|36972000000.0|36972000000.0|5980000000.0|63382000000.0|63382000000.0|57309000000.0|-3358000000.0|21.74562084|0.70887674|1.12730744||21609000000.0|21609000000.0|11681000000.0|4.0076141|47005000000.0|45715000000.0|15.68428035|-8996000000.0
2010-06-30|77567000000.0|77567000000.0|37042000000.0|40525000000.0|0.0|24793000000.0|17699000000.0|17699000000.0|946000000.0|16753000000.0|4017000000.0|12736000000.0|0.0|12736000000.0|12736000000.0|-1995000000.0|4.32|4.32|4.11|2879904226.0||1.8|16131000000.0|3108000000.0|-597000000.0|-3067000000.0|-17314000000.0|-6514000000.0|-5342000000.0|-5458000000.0|-122000000.0|-1902000000.0|128172000000.0|18782000000.0|109390000000.00002|2879000000.0|2879000000.0|5335000000.0|85648000000.0|6384000000.0|66733000000.0|24282000000.0|42451000000.0|29832000000.0|29832000000.0|7251000000.0|61439000000.0|61439000000.0|64614000000.0|-7822000000.0|21.33369556|0.77349477|1.08616677||20807000000.0|20807000000.0|13064000000.0|4.53626196|45195000000.0|42524000000.0|14.76576881|-5500000000.0
2011-06-30|81104000000.0|81104000000.0|39859000000.0|41245000000.0|0.0|25750000000.0|15927000000.0|15927000000.0|831000000.0|15096000000.0|3299000000.0|11797000000.0|0.0|11797000000.0|11797000000.0|-229000000.0|4.12|4.12|3.93|2791293888.0||1.97|13330000000.0|2838000000.0|-3482000000.0|-3306000000.0|-10122000000.0|1481000000.0|-5836000000.0|-5767000000.0|163000000.0|-111000000.0|138354000000.0|21970000000.0|116384000000.0|2768000000.0|2768000000.0|6275000000.0|90182000000.0|7379000000.0|70353000000.0|27293000000.0|43060000000.0|32014000000.0|32014000000.0|8022000000.0|68001000000.0|68001000000.0|70682000000.0|-2054000000.0|24.36182026|0.80496831|1.03458773||18765000000.0|18765000000.0|10024000000.0|3.59116611|50125000000.0|48172000000.0|17.25794629|-5323000000.0
2012-06-30|82006000000.0|82006000000.0|41411000000.0|40595000000.0|0.0|25984000000.0|14903000000.0|14903000000.0|769000000.0|14134000000.0|3378000000.0|10756000000.0|0.0|10756000000.0|10756000000.0|-1754000000.0|3.82|3.82|3.66|2740105964.0||2.14|13284000000.0|3204000000.0|-1093000000.0|-3964000000.0|-10410000000.0|-1976000000.0|-2295000000.0|-6139000000.0|-113000000.0|1668000000.0|132244000000.0|21910000000.0|110334000000.0|4436000000.0|4436000000.0|6068000000.0|84761000000.0|6721000000.0|68209000000.0|24907000000.0|43302000000.0|29778000000.0|29778000000.0|7920000000.0|64035000000.0|64035000000.0|75349000000.0|-9333000000.0|23.36953419|0.87967238|1.0651831||18107000000.0|18107000000.0|9320000000.0|3.40132831|47918000000.0|47483000000.0|17.32889188|-2997000000.0
2013-06-30|80116000000.0|80116000000.0|39991000000.0|40125000000.0|0.0|26000000000.0|15205000000.0|15205000000.0|667000000.0|14538000000.0|3226000000.0|11312000000.0|0.0|11312000000.0|11312000000.0|-449000000.0|4.04|4.04|3.86|2740773339.0||2.29|14873000000.0|2982000000.0|-6295000000.0|-4008000000.0|-7071000000.0|1985000000.0|-2537000000.0|-6519000000.0|4000000.0|1511000000.0|139263000000.0|23990000000.0|115273000000.0|5947000000.0|5947000000.0|6508000000.0|86760000000.0|6909000000.0|70554000000.0|30037000000.0|40517000000.0|31543000000.0|31543000000.0|8777000000.0|68709000000.0|68709000000.0|80197000000.0|-7499000000.0|25.06920183|0.79868163|1.02685238||18187000000.0|18187000000.0|10865000000.0|3.96420961|48062000000.0|52503000000.0|19.15627216|-6047000000.0
2014-06-30|74401000000.0|74401000000.0|39030000000.0|35371000000.0|0.0|21461000000.0|15203000000.0|15203000000.0|709000000.0|14494000000.0|2851000000.0|11643000000.0|0.0|11643000000.0|11643000000.0|-1127000000.0|4.19|4.19|4.01|2705960276.0||2.45|13958000000.0|3141000000.0|-4100000000.0|-3848000000.0|-7279000000.0|3543000000.0|-3911000000.0|-6911000000.0|39000000.0|2618000000.0|144266000000.0|31617000000.0|112649000000.0|8558000000.0|8558000000.0|6386000000.0|84547000000.0|6759000000.0|74290000000.0|33726000000.0|40564000000.0|35417000000.0|35417000000.0|8461000000.0|69976000000.0|69976000000.0|84990000000.0|-7662000000.0|25.85995095|0.93746664|1.06164971||18344000000.0|18344000000.0|10110000000.0|3.73619675|52852000000.0|59719000000.0|22.06942967|-2109000000.0
2015-06-30|70749000000.0|70749000000.0|37056000000.0|33693000000.0|0.0|20616000000.0|10387000000.0|10387000000.0|626000000.0|9761000000.0|2725000000.0|7036000000.0|0.0|7036000000.0|7036000000.0|1143000000.0|2.5|2.5|2.44|2712995590.0||2.59|14608000000.0|3134000000.0|-2890000000.0|-3736000000.0|-13019000000.0|-3954000000.0|-1778000000.0|-7287000000.0|-411000000.0|-1712000000.0|129495000000.0|29646000000.0|99849000000.0|6836000000.0|6836000000.0|4568000000.0|69632000000.0|4979000000.0|66445000000.0|29790000000.0|36655000000.0|30345000000.0|30345000000.0|8138000000.0|63050000000.0|63050000000.0|84807000000.0|-12780000000.0|23.23999355|0.99516616|1.05384615||13521000000.0|13521000000.0|10872000000.0|4.00737843|53582000000.0|59863000000.0|22.0652773|-144000000.0
2016-06-30|65299000000.0|65299000000.0|32909000000.0|32390000000.0|0.0|18949000000.0|14429000000.0|14429000000.0|579000000.0|13850000000.0|3342000000.0|10508000000.0|0.0|10508000000.0|10508000000.0|-577000000.0|3.8|3.8|3.69|2661851865.0||2.66|15435000000.0|3078000000.0|-5575000000.0|-3314000000.0|-9213000000.0|1285000000.0|-1332000000.0|-7436000000.0|-381000000.0|266000000.0|127136000000.0|33782000000.0|93354000000.0|7102000000.0|7102000000.0|4373000000.0|68877000000.0|4716000000.0|69153000000.0|30770000000.0|38383000000.0|30598000000.0|30598000000.0|9325000000.0|57983000000.0|57983000000.0|87953000000.0|-15907000000.0|21.78295523|1.09788755|1.19264267||17507000000.0|17507000000.0|12121000000.0|4.55359675|50985000000.0|58259000000.0|21.88664244|3012000000.0
