Date|REVENUE|REVENUEUSD|COR|GP|RND|SGNA|EBIT|EBITUSD|INTEXP|EBT|TAXEXP|NETINC|PREFDIVIS|NETINCCMN|NETINCCMNUSD|NETINCDIS|EPS|EPSUSD|EPSDIL|SHARESWA|SHARESWADIL|DPS|NCFO|DEPAMOR|NCFI|CAPEX|NCFF|NCFDEBT|NCFCOMMON|NCFDIV|NCFX|NCF|ASSETS|ASSETSC|ASSETSNC|CASHNEQ|CASHNEQUSD|RECEIVABLES|INTANGIBLES|INVENTORY|LIABILITIES|LIABILITIESC|LIABILITIESNC|DEBT|DEBTUSD|PAYABLES|EQUITY|EQUITYUSD|RETEARN|ACCOCI|BVPS|CURRENTRATIO|DE|DILUTIONRATIO|EBITDA|EBITDAUSD|FCF|FCFPS|INVCAP|TANGIBLES|TBVPS|WORKINGCAPITAL
2009-03-31|20064000.0|20064000.0|7903000.0|12161000.0|6663000.0|14145000.0|-40978000.0|-40978000.0|2662000.0|-43640000.0|158000.0|-43798000.0|0.0|-43798000.0|-43798000.0|0.0|-5.75|-5.75|-5.75|7252800.0|7252800.0|0.0|-5360000.0|1518000.0|-3773000.0|-219000.0|4300000.0|0.0|4354000.0|0.0|-176000.0|-5009000.0|91190000.0|18006000.0|73184000.0|3340000.0|3340000.0|5963000.0|55734000.0|0.0|42166000.0|42139000.0|27000.0|23296000.0|23296000.0|5341000.0|49024000.0|49024000.0|-44869000.0|-129000.0|6.75932054|0.42730013|0.86010933|1.0|-39460000.0|-39460000.0|-5579000.0|-0.76922016|13273000.0|35456000.0|4.88859475|-24133000.0
2010-03-31|14037000.0|14037000.0|3188000.0|10849000.0|4194000.0|10157000.0|-42479000.0|-42479000.0|1403000.0|-43882000.0|305000.0|-44187000.0|0.0|-44187000.0|-44187000.0|0.0|-5.35|-5.35|-5.35|7967400.0|7967400.0|0.0|-3470000.0|1612000.0|-433000.0|-433000.0|0.0|0.0|0.0|0.0|-133000.0|-4036000.0|46781000.0|13205000.0|33576000.0|640000.0|640000.0|4711000.0|16350000.0|0.0|38707000.0|38707000.0|0.0|26082000.0|26082000.0|4011000.0|8074000.0|8074000.0|-87352000.0|-419000.0|1.01337952|0.34115276|4.79403022|1.0|-40867000.0|-40867000.0|-3903000.0|-0.48987123|17166000.0|30431000.0|3.81943921|-25502000.0
2011-03-31|9186000.0|9186000.0|3210000.0|5976000.0|3528000.0|7840000.0|-11474000.0|-11474000.0|2710000.0|-14184000.0|224000.0|-14408000.0|0.0|-14408000.0|-14408000.0|0.0|-1.25|-1.25|-1.25|7532800.0|7532800.0|0.0|-1909000.0|638000.0|-1635000.0|-88000.0|2500000.0|2500000.0|0.0|0.0|-2000.0|-1046000.0|14203000.0|3840000.0|10363000.0|845000.0|845000.0|2699000.0|9975000.0|0.0|11585000.0|7124000.0|4461000.0|4734000.0|4734000.0|3807000.0|2618000.0|2618000.0|-96736000.0|-291000.0|0.34754673|0.53902302|4.42513369|1.0|-10836000.0|-10836000.0|-1997000.0|-0.26510726|993000.0|4228000.0|0.56127867|-3284000.0
2012-03-31|7230000.0|7230000.0|2873000.0|4357000.0|2154000.0|13886000.0|-16971000.0|-16971000.0|13626000.0|-30597000.0|110000.0|-30707000.0|0.0|-30707000.0|-30707000.0|0.0|-3.11|-3.11|-3.11|9884000.0|9884000.0|0.0|-1829000.0|429000.0|-17000.0|-17000.0|9700000.0|7000000.0|2700000.0|0.0|100000.0|7954000.0|14796000.0|10109000.0|4687000.0|8799000.0|8799000.0|1190000.0|4457000.0|0.0|9097000.0|6020000.0|3077000.0|3152000.0|3152000.0|3051000.0|5699000.0|5699000.0|-127443000.0|-194000.0|0.57658843|1.67923588|1.59624496|1.0|-16542000.0|-16542000.0|-1846000.0|-0.18676649|-1328000.0|10339000.0|1.04603399|4089000.0
2013-03-31|3855000.0|3855000.0|1695000.0|2160000.0|1322000.0|11867000.0|-11029000.0|-11029000.0|1490000.0|-12519000.0|139000.0|-12658000.0|0.0|-12658000.0|-12658000.0|0.0|-0.81|-0.81|-0.81|17631000.0|17631000.0|0.0|-6865000.0|646000.0|-3369000.0|-12000.0|2550000.0|0.0|2550000.0|0.0|34000.0|-7650000.0|12485000.0|3992000.0|8493000.0|1712000.0|1712000.0|1995000.0|8345000.0|0.0|11748000.0|9655000.0|2093000.0|5029000.0|5029000.0|3783000.0|737000.0|737000.0|-141604000.0|-266000.0|0.04180137|0.41346453|15.94029851|1.0|-10383000.0|-10383000.0|-6877000.0|-0.39005161|-2198000.0|4140000.0|0.23481368|-5663000.0
2014-03-31|24404000.0|24404000.0|16558000.0|7846000.0|7869000.0|15501000.0|-17474000.0|-17474000.0|0.0|-17474000.0|-272000.0|-17202000.0|0.0|-17202000.0|-17202000.0|0.0|-0.68|-0.68|-0.68|27478000.0|27478000.0|0.0|-7807000.0|1856000.0|-981000.0|-207000.0|29640000.0|-3657000.0|33297000.0|0.0|-196000.0|20656000.0|45095000.0|27481000.0|17614000.0|22029000.0|22029000.0|5102000.0|13911000.0|0.0|12144000.0|11906000.0|238000.0|0.0|0.0|2943000.0|32951000.0|32951000.0|-160308000.0|-199000.0|1.19917752|2.30816395|0.36854724|1.0|-15618000.0|-15618000.0|-8014000.0|-0.2916515|-2751000.0|31184000.0|1.13487153|15575000.0
2015-03-31|28252000.0|28252000.0|22120000.0|6132000.0|7905000.0|21964000.0|-23900000.0|-23900000.0|0.0|-23900000.0|747000.0|-24647000.0|0.0|-24647000.0|-24647000.0|0.0|-0.63|-0.63|-0.63|38967000.0|38967000.0|0.0|-14500000.0|2108000.0|-878000.0|-67000.0|511000.0|0.0|136000.0|0.0|131000.0|-14736000.0|122571000.0|20274000.0|102297000.0|7378000.0|7378000.0|12174000.0|101683000.0|0.0|31042000.0|23952000.0|7090000.0|10690000.0|10690000.0|8118000.0|91529000.0|91529000.0|-184955000.0|-52000.0|2.34888495|0.84644289|0.33914934|1.0|-21792000.0|-21792000.0|-14567000.0|-0.37382914|248000.0|20888000.0|0.53604332|-3678000.0
2016-03-31|86541000.0|86541000.0|76722000.0|9819000.0|10983000.0|24772000.0|-26002000.0|-26002000.0|1816000.0|-27818000.0|214000.0|-28032000.0|0.0|-28032000.0|-28032000.0|0.0|-0.46|-0.46|-0.46|61763000.0|61763000.0|0.0|-7069000.0|10974000.0|-674000.0|-1549000.0|12078000.0|-600000.0|12678000.0|0.0|-173000.0|4162000.0|121940000.0|29546000.0|92394000.0|11444000.0|11444000.0|17519000.0|89111000.0|0.0|39669000.0|38854000.0|815000.0|10432000.0|10432000.0|15300000.0|82271000.0|82271000.0|-212987000.0|-202000.0|1.33204346|0.76043651|0.48217476|1.0|-15028000.0|-15028000.0|-8618000.0|-0.13953338|-7037000.0|32829000.0|0.53153182|-9308000.0
