Date|REVENUE|REVENUEUSD|COR|GP|RND|SGNA|EBIT|EBITUSD|INTEXP|EBT|TAXEXP|NETINC|PREFDIVIS|NETINCCMN|NETINCCMNUSD|NETINCDIS|EPS|EPSUSD|EPSDIL|SHARESWA|SHARESWADIL|DPS|NCFO|DEPAMOR|NCFI|CAPEX|NCFF|NCFDEBT|NCFCOMMON|NCFDIV|NCFX|NCF|ASSETS|ASSETSC|ASSETSNC|CASHNEQ|CASHNEQUSD|RECEIVABLES|INTANGIBLES|INVENTORY|LIABILITIES|LIABILITIESC|LIABILITIESNC|DEBT|DEBTUSD|PAYABLES|EQUITY|EQUITYUSD|RETEARN|ACCOCI|BVPS|CURRENTRATIO|DE|DILUTIONRATIO|EBITDA|EBITDAUSD|FCF|FCFPS|INVCAP|TANGIBLES|TBVPS|WORKINGCAPITAL
2009-06-30|8838400000.0|8838400000.0|4822700000.0|4015700000.0|0.0|2190300000.0|1940900000.0|1940900000.0|33300000.0|1907600000.0|575000000.0|1332600000.0|0.0|1332600000.0|1332600000.0|-7500000.0|2.33|2.33|2.31|573145000.0|576106000.0|1.12|1562600000.0|307700000.0|-644100000.0|-228100000.0|468400000.0|708800000.0|-497700000.0|-629400000.0|-39100000.0|1347800000.0|25351700000.0|20705500000.0|4646200000.0|2265300000.0|2265300000.0|1213300000.0|2954200000.0|0.0|20029100000.0|18763400000.0|1265700000.0|772700000.0|772700000.0|292400000.0|5322600000.0|5322600000.0|10716600000.0|156000000.0|9.28665521|1.1035047|3.76302935|1.00516623|2248600000.0|2248600000.0|1334500000.0|2.32838113|2141500000.0|22397500000.0|39.07824373|1942100000.0
2010-06-30|8927700000.0|8927700000.0|5029700000.0|3898000000.0|0.0|2127400000.0|1875900000.0|1875900000.0|8600000.0|1867300000.0|655900000.0|1211400000.0|0.0|1211400000.0|1211400000.0|-4100000.0|2.12|2.12|2.11|570070000.0|573714000.0|1.19|1682100000.0|309200000.0|-2379500000.0|-223600000.0|89000000.0|-732900000.0|-525300000.0|-673400000.0|-13600000.0|-622000000.0|26862200000.0|22316700000.0|4545500000.0|1643300000.0|1643300000.0|1257100000.0|2925700000.0|0.0|21383300000.0|20052200000.0|1331100000.0|39800000.0|39800000.0|314500000.0|5478900000.0|5478900000.0|11252000000.0|209500000.0|9.61092497|1.11293025|3.90284546|1.0063922|2185100000.0|2185100000.0|1458500000.0|2.55845773|2280800000.0|23936500000.0|41.98870314|2264500000.0
2011-06-30|9833000000.0|9833000000.0|5708400000.0|4124600000.0|0.0|2314600000.0|1941300000.0|1941300000.0|8600000.0|1932700000.0|678500000.0|1254200000.0|0.0|1254200000.0|1254200000.0|-9200000.0|2.23|2.23|2.21|562096000.0|567564000.0|1.25|1705800000.0|314600000.0|-7340600000.0|-264600000.0|5339200000.0|-5700000.0|-254600000.0|-692400000.0|41700000.0|-253900000.0|34238300000.0|28583500000.0|5654800000.0|1389400000.0|1389400000.0|1493500000.0|3789300000.0|0.0|28227900000.0|26786800000.0|1441100000.0|34200000.0|34200000.0|327500000.0|6010400000.0|6010400000.0|11803900000.0|367100000.0|10.69283539|1.06707408|4.69650938|1.00972788|2255900000.0|2255900000.0|1441200000.0|2.56397484|2307000000.0|30449000000.0|54.17046199|1796700000.0
2012-06-30|10595400000.0|10595400000.0|6203900000.0|4391500000.0|0.0|2452900000.0|2129800000.0|2129800000.0|7700000.0|2122100000.0|733600000.0|1388500000.0|0.0|1388500000.0|1388500000.0|-13300000.0|2.5|2.5|2.48|555035000.0|560616000.0|1.36|1910200000.0|319300000.0|3243600000.0|-178000000.0|-4953900000.0|-2000000.0|-491300000.0|-739700000.0|-41200000.0|158700000.0|30817400000.0|25272600000.0|5544800000.0|1548100000.0|1548100000.0|1521500000.0|3750300000.0|0.0|24703400000.0|23252700000.0|1450700000.0|16800000.0|16800000.0|355800000.0|6114000000.0|6114000000.0|12438300000.0|230200000.0|11.01552154|1.08686733|4.04046451|1.01005522|2449100000.0|2449100000.0|1732200000.0|3.12088427|2283100000.0|27067100000.0|48.76647419|2019900000.0
2013-06-30|9442000000.0|9442000000.0|5574100000.0|3867900000.0|0.0|2200400000.0|2160200000.0|2160200000.0|9100000.0|2151100000.0|745300000.0|1405800000.0|0.0|1405800000.0|1405800000.0|-283600000.0|2.91|2.91|2.89|482700000.0|487100000.0|1.49|1577200000.0|251200000.0|-1578400000.0|-225200000.0|151000000.0|228400000.0|-441600000.0|-805500000.0|1200000.0|151000000.0|32268100000.0|26214500000.0|6053600000.0|1699100000.0|1699100000.0|1734000000.0|3682400000.0|0.0|26078200000.0|24732800000.0|1345400000.0|260600000.0|260600000.0|363200000.0|6189900000.0|6189900000.0|13020300000.0|15400000.0|12.82349285|1.0599083|4.21302444|1.00911539|2411400000.0|2411400000.0|1352000000.0|2.80091154|2414400000.0|28585700000.0|59.22042677|1481700000.0
2014-06-30|10226400000.0|10226400000.0|6041000000.0|4185400000.0|0.0|2370300000.0|2300200000.0|2300200000.0|6100000.0|2294100000.0|778200000.0|1515900000.0|0.0|1515900000.0|1515900000.0|-273300000.0|3.17|3.17|3.14|478900000.0|483100000.0|1.65|1821400000.0|266600000.0|813300000.0|-303000000.0|-2358200000.0|1923800000.0|-473100000.0|-883100000.0|8000000.0|284500000.0|32059800000.0|27493000000.0|4566800000.0|1584000000.0|1584000000.0|1654200000.0|2374500000.0|0.0|25389600000.0|24167600000.0|1222000000.0|2184500000.0|2184500000.0|379000000.0|6670200000.0|6670200000.0|13632900000.0|178200000.0|13.92816872|1.13759744|3.8064226|1.0087701|2566800000.0|2566800000.0|1518400000.0|3.17059929|6118200000.0|29685300000.0|61.98642723|3325400000.0
2015-06-30|10938500000.0|10938500000.0|6427600000.0|4510900000.0|0.0|2496900000.0|2248700000.0|2248700000.0|6500000.0|2242200000.0|789700000.0|1452500000.0|0.0|1452500000.0|1452500000.0|-76000000.0|3.07|3.07|3.05|472600000.0|475800000.0|1.89|1905600000.0|277900000.0|-3760300000.0|-311900000.0|1616700000.0|-2175300000.0|-1448100000.0|-927600000.0|-106300000.0|-344300000.0|33110500000.0|28809200000.0|4301300000.0|1639300000.0|1639300000.0|1579100000.0|2296700000.0|0.0|28302000000.0|27113700000.0|1188300000.0|9200000.0|9200000.0|420900000.0|4808500000.0|4808500000.0|13460300000.0|-260600000.0|10.17456623|1.06253296|5.88582718|1.00677105|2526600000.0|2526600000.0|1593700000.0|3.37219636|2070000000.0|30813800000.0|65.20059247|1695500000.0
2016-06-30|11667800000.0|11667800000.0|6840300000.0|4827500000.0|0.0|2637000000.0|2289500000.0|2289500000.0|56200000.0|2233300000.0|740800000.0|1492500000.0|0.0|1492500000.0|1492500000.0|900000.0|3.27|3.27|3.25|457000000.0|459100000.0|2.08|1859900000.0|288600000.0|-9087200000.0|-370300000.0|8790100000.0|1996800000.0|-1080400000.0|-943600000.0|-11000000.0|1551800000.0|43670000000.0|39500400000.0|4169600000.0|3191100000.0|3191100000.0|1769900000.0|2216200000.0|0.0|39188400000.0|35847400000.0|3341000000.0|2007700000.0|2007700000.0|390700000.0|4481600000.0|4481600000.0|14003300000.0|-215100000.0|9.80656455|1.10190418|8.74428775|1.00459519|2578100000.0|2578100000.0|1489600000.0|3.2595186|4423000000.0|41453800000.0|90.70853392|3653000000.0
