Date|REVENUE|REVENUEUSD|COR|GP|RND|SGNA|EBIT|EBITUSD|INTEXP|EBT|TAXEXP|NETINC|PREFDIVIS|NETINCCMN|NETINCCMNUSD|NETINCDIS|EPS|EPSUSD|EPSDIL|SHARESWA|SHARESWADIL|DPS|NCFO|DEPAMOR|NCFI|CAPEX|NCFF|NCFDEBT|NCFCOMMON|NCFDIV|NCFX|NCF|ASSETS|ASSETSC|ASSETSNC|CASHNEQ|CASHNEQUSD|RECEIVABLES|INTANGIBLES|INVENTORY|LIABILITIES|LIABILITIESC|LIABILITIESNC|DEBT|DEBTUSD|PAYABLES|EQUITY|EQUITYUSD|RETEARN|ACCOCI|BVPS|CURRENTRATIO|DE|DILUTIONRATIO|EBITDA|EBITDAUSD|FCF|FCFPS|INVCAP|TANGIBLES|TBVPS|WORKINGCAPITAL
2009-05-31|1462306000.0|1462306000.0|504855000.0|957451000.0|0.0|664905000.0|129751000.0|129751000.0|7282000.0|122469000.0|85252000.0|37217000.0|0.0|37217000.0|37217000.0|0.0|0.23|0.23|0.23|160786172.0||0.04|382971000.0|66288000.0|-559257000.0|-40940000.0|161485000.0|191913000.0|9050000.0|-6417000.0|-14324000.0|-29125000.0|1676821000.0|595188000.0|1081633000.0|426935000.0|426935000.0|123438000.0|883214000.0|5914000.0|599201000.0|336177000.0|263024000.0|207177000.0|207177000.0|180043000.0|667430000.0|667430000.0|273090000.0|-10901000.0|4.15104105|1.7704602|0.89777355||196039000.0|196039000.0|342031000.0|2.12724139|237672000.0|793607000.0|4.93579137|259011000.0
2010-05-31|1642468000.0|1642468000.0|584609000.0|1057859000.0|0.0|734580000.0|308215000.0|308215000.0|17519000.0|290696000.0|87379000.0|203317000.0|0.0|203317000.0|203317000.0|0.0|1.25|1.25|1.24|163212816.0||0.04|465761000.0|68667000.0|-25204000.0|-56054000.0|-95750000.0|299552000.0|-67832000.0|-6497000.0|-1796000.0|343011000.0|2039326000.0|968264000.0|1071062000.0|769946000.0|769946000.0|132481000.0|774200000.0|9740000.0|1065137000.0|672471000.0|392666000.0|500321000.0|500321000.0|173575000.0|861264000.0|861264000.0|544772000.0|-44255000.0|5.27693855|1.43985986|1.23671371||376882000.0|376882000.0|409707000.0|2.51026243|323030000.0|1265126000.0|7.75138884|295793000.0
2011-05-31|1859802000.0|1859802000.0|665017000.0|1194785000.0|0.0|863191000.0|322475000.0|322475000.0|18161000.0|304314000.0|95076000.0|209238000.0|0.0|209238000.0|209238000.0|0.0|1.31|1.31|1.3|160104792.0||0.04|709772000.0|82237000.0|-267020000.0|-98537000.0|114123000.0|116658000.0|3464000.0|-6388000.0|27464000.0|584339000.0|3350531000.0|1847975000.0|1502556000.0|1354285000.0|1354285000.0|167454000.0|1121137000.0|7640000.0|1878856000.0|1444364000.0|434492000.0|624764000.0|624764000.0|241578000.0|1184535000.0|1184535000.0|685624000.0|79320000.0|7.3984981|1.27943856|1.5861549||404712000.0|404712000.0|611235000.0|3.81771834|55509000.0|2229394000.0|13.92459259|403611000.0
2012-05-31|2203847000.0|2203847000.0|784756000.0|1419091000.0|0.0|1027304000.0|287890000.0|287890000.0|16848000.0|271042000.0|82881000.0|188161000.0|0.0|188161000.0|188161000.0|0.0|1.2|1.2|1.19|157118588.0||0.04|-173475000.0|99099000.0|-150433000.0|-109876000.0|-218186000.0|-93215000.0|-93019000.0|-6311000.0|-30916000.0|-573010000.0|2688143000.0|1248739000.0|1439404000.0|781275000.0|781275000.0|183991000.0|1014875000.0|9864000.0|1242800000.0|837285000.0|405515000.0|528376000.0|528376000.0|316313000.0|1172184000.0|1172184000.0|843456000.0|-30000000.0|7.46050493|1.49141451|1.0602431||386989000.0|386989000.0|-283351000.0|-1.80342125|583084000.0|1673268000.0|10.64971383|411454000.0
2013-05-31|2375923000.0|2375923000.0|862075000.0|1513848000.0|0.0|1119860000.0|344978000.0|344978000.0|33282000.0|311696000.0|95571000.0|216125000.0|0.0|216125000.0|216125000.0|0.0|1.39|1.39|1.38|152461892.0||0.04|240546000.0|111788000.0|-528567000.0|-98590000.0|183522000.0|621061000.0|-174998000.0|-6198000.0|3694000.0|-100805000.0|3125056000.0|1214492000.0|1910564000.0|680470000.0|680470000.0|190591000.0|1445070000.0|11057000.0|1838449000.0|704114000.0|1134335000.0|1150930000.0|1150930000.0|262890000.0|1146085000.0|1146085000.0|958751000.0|-15062000.0|7.51718993|1.72485137|1.60411226||456766000.0|456766000.0|141956000.0|0.93109169|1446332000.0|1679986000.0|11.01905517|510378000.0
2014-05-31|2554236000.0|2554236000.0|952225000.0|1602011000.0|0.0|1196512000.0|394496000.0|394496000.0|41812000.0|352684000.0|107398000.0|245286000.0|0.0|245286000.0|245286000.0|0.0|1.7|1.7|1.69|143631338.0||0.04|194098000.0|122069000.0|-501670000.0|-81411000.0|218896000.0|676109000.0|-421261000.0|-5757000.0|-9922000.0|-98598000.0|4018650000.0|1643444000.0|2375206000.0|581872000.0|581872000.0|215383000.0|1872458000.0|6636000.0|2885851000.0|1211618000.0|1674233000.0|1833807000.0|1833807000.0|290106000.0|997227000.0|997227000.0|815980000.0|-1776000.0|6.94296254|1.35640441|2.89387572||516565000.0|516565000.0|112687000.0|0.7845572|2186509000.0|2146192000.0|14.94236585|431826000.0
2015-05-31|2773718000.0|2773718000.0|1022107000.0|1751611000.0|0.0|1295014000.0|430471000.0|430471000.0|44436000.0|386035000.0|107995000.0|278040000.0|0.0|278040000.0|278040000.0|0.0|2.07|2.07|2.06|132916542.0||0.04|424701000.0|137505000.0|-440921000.0|-92550000.0|141375000.0|546819000.0|-365527000.0|-5340000.0|-56288000.0|68867000.0|5779301000.0|3289915000.0|2489386000.0|650739000.0|650739000.0|202938000.0|2051969000.0|0.0|4915748000.0|3015188000.0|1900560000.0|2332696000.0|2332696000.0|326875000.0|757976000.0|757976000.0|795226000.0|-185992000.0|5.7026461|1.09111438|6.48536101||567976000.0|567976000.0|332151000.0|2.49894404|2394101000.0|3727332000.0|28.0426495|274727000.0
2016-05-31|2898150000.0|2898150000.0|1147639000.0|1750511000.0|0.0|1325567000.0|411677000.0|411677000.0|69316000.0|342361000.0|70695000.0|271666000.0|0.0|271666000.0|271666000.0|0.0|2.05|2.05|2.04|129259333.0||0.04|585001000.0|187881000.0|-2127248000.0|-91591000.0|1965487000.0|2117231000.0|-139710000.0|-5439000.0|-29251000.0|393989000.0|10509952000.0|2851313000.0|7658639000.0|1044728000.0|1044728000.0|288411000.0|7094113000.0|0.0|7632548000.0|2430707000.0|5201841000.0|4893722000.0|4893722000.0|696414000.0|2746476000.0|2746476000.0|1015811000.0|-246050000.0|21.24779647|1.17303854|2.7790332||599558000.0|599558000.0|493410000.0|3.81720986|4834126000.0|3415839000.0|26.42624653|420606000.0
