Date|REVENUE|REVENUEUSD|COR|GP|RND|SGNA|EBIT|EBITUSD|INTEXP|EBT|TAXEXP|NETINC|PREFDIVIS|NETINCCMN|NETINCCMNUSD|NETINCDIS|EPS|EPSUSD|EPSDIL|SHARESWA|SHARESWADIL|DPS|NCFO|DEPAMOR|NCFI|CAPEX|NCFF|NCFDEBT|NCFCOMMON|NCFDIV|NCFX|NCF|ASSETS|ASSETSC|ASSETSNC|CASHNEQ|CASHNEQUSD|RECEIVABLES|INTANGIBLES|INVENTORY|LIABILITIES|LIABILITIESC|LIABILITIESNC|DEBT|DEBTUSD|PAYABLES|EQUITY|EQUITYUSD|RETEARN|ACCOCI|BVPS|CURRENTRATIO|DE|DILUTIONRATIO|EBITDA|EBITDAUSD|FCF|FCFPS|INVCAP|TANGIBLES|TBVPS|WORKINGCAPITAL
2009-06-30|1999859000.0|1999859000.0|1423320000.0|576539000.0|0.0|489567000.0|-103703000.0|-103703000.0|27244000.0|-130947000.0|-11205000.0|-119742000.0|0.0|-119742000.0|-119742000.0|0.0|-1.64|-1.64|-1.64|73122000.0|73122000.0|0.48|192263000.0|96381000.0|-170056000.0|-101928000.0|-15526000.0|128037000.0|-122847000.0|-35466000.0|-23336000.0|-16655000.0|2346974000.0|875904000.0|1471070000.0|69823000.0|69823000.0|278977000.0|677436000.0|381306000.0|1079519000.0|378969000.0|700550000.0|485957000.0|485957000.0|87176000.0|1227431000.0|1227431000.0|786345000.0|11719000.0|16.78606986|2.3112814|0.87949465|1.0|-7322000.0|-7322000.0|90335000.0|1.23540111|1706703000.0|1669538000.0|22.8322256|496935000.0
2010-06-30|1884067000.0|1884067000.0|1256339000.0|627728000.0|0.0|477487000.0|98599000.0|98599000.0|25203000.0|73396000.0|26977000.0|46419000.0|0.0|46419000.0|46419000.0|0.0|0.57|0.57|0.57|80966000.0|80966000.0|0.48|164828000.0|96429000.0|-40420000.0|-51538000.0|-58167000.0|-142992000.0|131067000.0|-39316000.0|-17935000.0|48306000.0|2267823000.0|915931000.0|1351892000.0|118129000.0|118129000.0|326699000.0|644749000.0|364268000.0|934380000.0|393005000.0|541375000.0|337668000.0|337668000.0|125360000.0|1315500000.0|1315500000.0|793448000.0|-72781000.0|16.2475607|2.33058358|0.71028506|1.0|195028000.0|195028000.0|113290000.0|1.39922931|1449608000.0|1623074000.0|20.04636514|522926000.0
2011-06-30|2403493000.0|2403493000.0|1519102000.0|884391000.0|0.0|538530000.0|316343000.0|316343000.0|22760000.0|293583000.0|63856000.0|229727000.0|0.0|229727000.0|229727000.0|0.0|2.8|2.8|2.76|82063000.0|82063000.0|0.48|230797000.0|93471000.0|-71825000.0|-73687000.0|-96025000.0|-17631000.0|-39581000.0|-39801000.0|23489000.0|86436000.0|2754469000.0|1287585000.0|1466884000.0|204565000.0|204565000.0|447835000.0|663607000.0|519973000.0|1095828000.0|841521000.0|254307000.0|312882000.0|312882000.0|222678000.0|1638072000.0|1638072000.0|983374000.0|82529000.0|19.9611518|1.53006877|0.66897426|1.0|409814000.0|409814000.0|157110000.0|1.91450471|1357658000.0|2090862000.0|25.47874194|446064000.0
2012-06-30|2736246000.0|2736246000.0|1741996000.0|994250000.0|0.0|561490000.0|413581000.0|413581000.0|27215000.0|386366000.0|79136000.0|307230000.0|0.0|307230000.0|307230000.0|0.0|3.83|3.83|3.77|80216000.0|80216000.0|0.54|289580000.0|104073000.0|-487265000.0|-106150000.0|131299000.0|250739000.0|-42241000.0|-43631000.0|-21713000.0|-88099000.0|3034188000.0|1282962000.0|1751226000.0|116466000.0|116466000.0|478989000.0|962837000.0|585856000.0|1365967000.0|578622000.0|787345000.0|565745000.0|565745000.0|219475000.0|1643850000.0|1643850000.0|1246973000.0|-150662000.0|20.49279445|2.21727138|0.83095599|1.0|517654000.0|517654000.0|183430000.0|2.28670091|1942008000.0|2071351000.0|25.82216765|704340000.0
2013-06-30|2589373000.0|2589373000.0|1744369000.0|845004000.0|0.0|527850000.0|290430000.0|290430000.0|27472000.0|262958000.0|59693000.0|203265000.0|0.0|203265000.0|203265000.0|0.0|2.56|2.56|2.52|79463000.0|80612000.0|0.64|284150000.0|113104000.0|-80698000.0|-79819000.0|52147000.0|183157000.0|-104052000.0|-51011000.0|5251000.0|260850000.0|3301039000.0|1499473000.0|1801566000.0|377316000.0|377316000.0|445322000.0|944520000.0|578795000.0|1488746000.0|467593000.0|1021153000.0|747945000.0|747945000.0|190623000.0|1781826000.0|1781826000.0|1399227000.0|-89004000.0|22.42334168|3.20679095|0.83551705|1.01445956|403534000.0|403534000.0|204331000.0|2.57139801|2259555000.0|2356519000.0|29.65555038|1031880000.0
2014-06-30|2837190000.0|2837190000.0|1940187000.0|897003000.0|0.0|589768000.0|257428000.0|257428000.0|32451000.0|224977000.0|66611000.0|158366000.0|0.0|158366000.0|158366000.0|0.0|2.01|2.01|1.99|78678000.0|79667000.0|0.72|271873000.0|130222000.0|-740174000.0|-116140000.0|270408000.0|313119000.0|12511000.0|-56436000.0|-1494000.0|-199387000.0|3868086000.0|1525196000.0|2342890000.0|177929000.0|177929000.0|531515000.0|1318752000.0|703766000.0|1906478000.0|562756000.0|1343722000.0|1061783000.0|1061783000.0|206891000.0|1929256000.0|1929256000.0|1501157000.0|-66131000.0|24.520908|2.7102261|0.98819338|1.01257022|387650000.0|387650000.0|155733000.0|1.97937162|2870432000.0|2549334000.0|32.40212003|962440000.0
2015-06-30|2647195000.0|2647195000.0|1841202000.0|805993000.0|0.0|554895000.0|-359084000.0|-359084000.0|31466000.0|-390550000.0|-16654000.0|-373896000.0|0.0|-373896000.0|-373896000.0|0.0|-4.71|-4.71|-4.71|79342000.0|79342000.0|0.72|351437000.0|131664000.0|-84554000.0|-84817000.0|-332963000.0|-282471000.0|13526000.0|-56979000.0|-6355000.0|-72435000.0|2849529000.0|1258546000.0|1590983000.0|105494000.0|105494000.0|445373000.0|704058000.0|575531000.0|1474094000.0|482744000.0|991350000.0|751587000.0|751587000.0|187381000.0|1345807000.0|1345807000.0|1070282000.0|-243523000.0|16.96210078|2.6070671|1.09532348|1.0|-227420000.0|-227420000.0|266620000.0|3.3603892|2308820000.0|2145471000.0|27.04079806|775802000.0
2016-06-30|2098436000.0|2098436000.0|1482369000.0|616067000.0|0.0|494975000.0|-172903000.0|-172903000.0|27752000.0|-200655000.0|25313000.0|-225968000.0|0.0|-225968000.0|-225968000.0|0.0|-2.83|-2.83|-2.83|79835000.0|79835000.0|0.8|219322000.0|117466000.0|-47933000.0|-104719000.0|-110469000.0|-50795000.0|4224000.0|-63717000.0|-4835000.0|56085000.0|2362783000.0|1075341000.0|1287442000.0|161579000.0|161579000.0|370916000.0|505695000.0|458830000.0|1366982000.0|427275000.0|939707000.0|695443000.0|695443000.0|182039000.0|964323000.0|964323000.0|780597000.0|-352509000.0|12.07895034|2.51674214|1.41755615|1.0|-55437000.0|-55437000.0|114603000.0|1.43549822|1963677000.0|1857088000.0|23.261577|648066000.0
