Date|REVENUE|REVENUEUSD|COR|GP|RND|SGNA|EBIT|EBITUSD|INTEXP|EBT|TAXEXP|NETINC|PREFDIVIS|NETINCCMN|NETINCCMNUSD|NETINCDIS|EPS|EPSUSD|EPSDIL|SHARESWA|SHARESWADIL|DPS|NCFO|DEPAMOR|NCFI|CAPEX|NCFF|NCFDEBT|NCFCOMMON|NCFDIV|NCFX|NCF|ASSETS|ASSETSC|ASSETSNC|CASHNEQ|CASHNEQUSD|RECEIVABLES|INTANGIBLES|INVENTORY|LIABILITIES|LIABILITIESC|LIABILITIESNC|DEBT|DEBTUSD|PAYABLES|EQUITY|EQUITYUSD|RETEARN|ACCOCI|BVPS|CURRENTRATIO|DE|DILUTIONRATIO|EBITDA|EBITDAUSD|FCF|FCFPS|INVCAP|TANGIBLES|TBVPS|WORKINGCAPITAL
2009-09-30|1386900000.0|1386900000.0|759000000.0|627900000.0|0.0|461600000.0|-368400000.0|-368400000.0|10400000.0|-378800000.0|26200000.0|-405000000.0|0.0|-405000000.0|-405000000.0|0.0|-6.47|-6.47|-6.47|62581000.0|62581000.0|0.41|225700000.0|100200000.0|-234200000.0|-61000000.0|-45300000.0|-20500000.0|800000.0|-25600000.0|2700000.0|-51100000.0|1232600000.0|695100000.0|537500000.0|170600000.0|170600000.0|346600000.0|215000000.0|92000000.0|623300000.0|344300000.0|279000000.0|201900000.0|201900000.0|81300000.0|609300000.0|609300000.0|1105200000.0|-59900000.0|9.73618191|2.01887888|1.02297719|1.0|-268200000.0|-268200000.0|164700000.0|2.6317892|704600000.0|1017600000.0|16.26052636|350800000.0
2010-09-30|1469600000.0|1469600000.0|753000000.0|716600000.0|58300000.0|474600000.0|190900000.0|190900000.0|8700000.0|182200000.0|56900000.0|125300000.0|0.0|125300000.0|125300000.0|0.0|1.99|1.99|1.97|62934000.0|63739000.0|0.41|139800000.0|99700000.0|-38200000.0|-62200000.0|-87400000.0|-49100000.0|-11400000.0|-25800000.0|-300000.0|13900000.0|1245600000.0|739200000.0|506400000.0|184500000.0|184500000.0|353100000.0|217700000.0|108500000.0|529800000.0|288700000.0|241100000.0|151600000.0|151600000.0|80600000.0|707500000.0|707500000.0|1203600000.0|-61800000.0|11.241936|2.56044337|0.74883392|1.01279118|290600000.0|290600000.0|77600000.0|1.23303779|706300000.0|1027900000.0|16.33298376|450500000.0
2011-09-30|1591700000.0|1591700000.0|810400000.0|781300000.0|63800000.0|502000000.0|168000000.0|168000000.0|8500000.0|159500000.0|26200000.0|133300000.0|0.0|133300000.0|133300000.0|0.0|2.11|2.11|2.09|63164000.0|63899000.0|0.43|222500000.0|103900000.0|-78000000.0|-63000000.0|-101900000.0|-600000.0|-69300000.0|-27000000.0|-2500000.0|40100000.0|1299100000.0|791700000.0|507400000.0|224600000.0|224600000.0|386200000.0|213300000.0|95600000.0|557400000.0|334000000.0|223400000.0|151100000.0|151100000.0|64800000.0|741700000.0|741700000.0|1309800000.0|-79000000.0|11.74244823|2.37035928|0.75151679|1.01163638|271900000.0|271900000.0|159500000.0|2.52517257|678300000.0|1085800000.0|17.19017162|457700000.0
2012-09-30|1634300000.0|1634300000.0|879600000.0|754700000.0|66900000.0|496400000.0|170000000.0|170000000.0|6500000.0|163500000.0|42700000.0|120800000.0|0.0|120800000.0|120800000.0|0.0|1.94|1.94|1.94|62120000.0|62361000.0|0.49|261700000.0|95200000.0|-539500000.0|-67200000.0|135600000.0|199600000.0|-33600000.0|-30100000.0|1900000.0|-140300000.0|1627600000.0|681800000.0|945800000.0|84300000.0|84300000.0|392600000.0|626000000.0|126900000.0|815000000.0|378100000.0|436900000.0|352700000.0|352700000.0|80700000.0|812600000.0|812600000.0|1400300000.0|-78000000.0|13.08113329|1.80322666|1.00295348|1.00387959|265200000.0|265200000.0|194500000.0|3.1310367|891900000.0|1001600000.0|16.12363168|303700000.0
2013-09-30|1716200000.0|1716200000.0|935900000.0|780300000.0|70200000.0|549500000.0|153500000.0|153500000.0|9500000.0|144000000.0|39000000.0|105000000.0|0.0|105000000.0|105000000.0|0.0|1.75|1.75|1.74|59910000.0|60250000.0|0.53|263200000.0|89100000.0|-58600000.0|-59400000.0|-161500000.0|-45100000.0|-83900000.0|-31200000.0|0.0|43100000.0|1586800000.0|688000000.0|898800000.0|127400000.0|127400000.0|361800000.0|595500000.0|118300000.0|728100000.0|345400000.0|382700000.0|307000000.0|307000000.0|80800000.0|858700000.0|858700000.0|1473800000.0|-35700000.0|14.33316642|1.99189346|0.84790963|1.00567518|242600000.0|242600000.0|203800000.0|3.40176932|825500000.0|991300000.0|16.5464864|342600000.0
2014-09-30|1686100000.0|1686100000.0|906200000.0|779900000.0|71900000.0|548300000.0|125000000.0|125000000.0|9800000.0|115200000.0|54600000.0|60600000.0|0.0|60600000.0|60600000.0|0.0|1.05|1.05|1.04|57555000.0|58523000.0|0.6|210300000.0|77600000.0|-294500000.0|-60300000.0|63800000.0|157400000.0|-57800000.0|-34200000.0|-7700000.0|-28100000.0|1751300000.0|779300000.0|972000000.0|99300000.0|99300000.0|411000000.0|660900000.0|176200000.0|944800000.0|442300000.0|502500000.0|491000000.0|491000000.0|112700000.0|806500000.0|806500000.0|1499800000.0|-74100000.0|14.01268352|1.76192629|1.17148171|1.0168187|202600000.0|202600000.0|150000000.0|2.60620276|1039800000.0|1090400000.0|18.94535662|337000000.0
2015-09-30|1988200000.0|1988200000.0|1107900000.0|880300000.0|91800000.0|664200000.0|84400000.0|84400000.0|18400000.0|66000000.0|18300000.0|47700000.0|0.0|47700000.0|47700000.0|0.0|0.83|0.83|0.82|57249000.0|58536000.0|0.63|213800000.0|84100000.0|-1756400000.0|-119800000.0|1642700000.0|1726500000.0|-48400000.0|-37100000.0|-6600000.0|93500000.0|4457600000.0|1141000000.0|3316600000.0|192800000.0|192800000.0|494700000.0|2858200000.0|267400000.0|3300700000.0|578800000.0|2721900000.0|2233200000.0|2233200000.0|136300000.0|1156900000.0|1156900000.0|1509900000.0|-140800000.0|20.20821324|1.97131997|2.85305558|1.02248074|168500000.0|168500000.0|94000000.0|1.64195008|3061000000.0|1599400000.0|27.9376059|562200000.0
2016-09-30|2655200000.0|2655200000.0|1398200000.0|1257000000.0|133500000.0|853300000.0|230000000.0|230000000.0|90400000.0|139600000.0|15500000.0|124100000.0|0.0|124100000.0|124100000.0|0.0|1.9|1.9|1.86|65333000.0|66596000.0|0.67|281200000.0|113100000.0|-97700000.0|-81100000.0|-141900000.0|-102900000.0|1600000.0|-43800000.0|-2200000.0|39400000.0|4262400000.0|1082100000.0|3180300000.0|232200000.0|232200000.0|515100000.0|2727700000.0|252000000.0|3026500000.0|662300000.0|2364200000.0|2148500000.0|2148500000.0|136000000.0|1235900000.0|1235900000.0|1589700000.0|-169100000.0|18.91693325|1.63385173|2.44882272|1.01933173|343100000.0|343100000.0|200100000.0|3.06277073|2788700000.0|1534700000.0|23.49042597|419800000.0
