Date|REVENUE|REVENUEUSD|COR|GP|RND|SGNA|EBIT|EBITUSD|INTEXP|EBT|TAXEXP|NETINC|PREFDIVIS|NETINCCMN|NETINCCMNUSD|NETINCDIS|EPS|EPSUSD|EPSDIL|SHARESWA|SHARESWADIL|DPS|NCFO|DEPAMOR|NCFI|CAPEX|NCFF|NCFDEBT|NCFCOMMON|NCFDIV|NCFX|NCF|ASSETS|ASSETSC|ASSETSNC|CASHNEQ|CASHNEQUSD|RECEIVABLES|INTANGIBLES|INVENTORY|LIABILITIES|LIABILITIESC|LIABILITIESNC|DEBT|DEBTUSD|PAYABLES|EQUITY|EQUITYUSD|RETEARN|ACCOCI|BVPS|CURRENTRATIO|DE|DILUTIONRATIO|EBITDA|EBITDAUSD|FCF|FCFPS|INVCAP|TANGIBLES|TBVPS|WORKINGCAPITAL
2009-05-31|3368167000.0|3368167000.0|2015078000.0|1353089000.0|0.0|1096505000.0|235328000.0|235328000.0|54460000.0|180868000.0|61252000.0|119616000.0|0.0|119616000.0|119616000.0|0.0|0.93|0.93|0.93|126373000.0|127689000.0|0.79|266995000.0|85144000.0|-81547000.0|-54986000.0|-138604000.0|5404000.0|-42172000.0|-101836000.0|-24708000.0|22136000.0|3409921000.0|1552916000.0|1857005000.0|253387000.0|253387000.0|638659000.0|1214263000.0|406175000.0|2264621000.0|849162000.0|1415459000.0|930842000.0|930842000.0|294814000.0|1145300000.0|1145300000.0|427955000.0|-31557000.0|9.06285362|1.82876295|1.97731686|1.01041362|320472000.0|320472000.0|212009000.0|1.67764475|2023951000.0|2195658000.0|17.37442333|703754000.0
2010-05-31|3412716000.0|3412716000.0|1977341000.0|1435375000.0|0.0|1110102000.0|326637000.0|326637000.0|59273000.0|267364000.0|87327000.0|180037000.0|0.0|180037000.0|180037000.0|0.0|1.4|1.4|1.39|127047000.0|127731000.0|0.81|203936000.0|84253000.0|-126953000.0|-23241000.0|-98629000.0|-5583000.0|12384000.0|-105430000.0|-16386000.0|-38032000.0|3004024000.0|1450161000.0|1553863000.0|215355000.0|215355000.0|633910000.0|1071403000.0|386982000.0|1842783000.0|631494000.0|1211289000.0|928615000.0|928615000.0|299596000.0|1079473000.0|1079473000.0|502562000.0|-107791000.0|8.49664297|2.29639712|1.70711356|1.00538383|410890000.0|410890000.0|180695000.0|1.42226892|2014387000.0|1932621000.0|15.2118586|818667000.0
2011-05-31|3381841000.0|3381841000.0|1980974000.0|1400867000.0|0.0|1058466000.0|346370000.0|346370000.0|65427000.0|280943000.0|91885000.0|189058000.0|0.0|189058000.0|189058000.0|0.0|1.46|1.46|1.45|127403000.0|128066000.0|0.83|238166000.0|72753000.0|-105940000.0|-39826000.0|57717000.0|175997000.0|-9695000.0|-108585000.0|29713000.0|219656000.0|3515029000.0|1867970000.0|1647059000.0|435011000.0|435011000.0|712863000.0|1144356000.0|463120000.0|2127661000.0|735289000.0|1392372000.0|1108853000.0|1108853000.0|358790000.0|1263164000.0|1263164000.0|583035000.0|6073000.0|9.91471158|2.54045688|1.68439015|1.00520396|419123000.0|419123000.0|198340000.0|1.55679223|2309226000.0|2370673000.0|18.60767015|1132681000.0
2012-05-31|3777416000.0|3777416000.0|2235153000.0|1542263000.0|0.0|1155714000.0|382507000.0|382507000.0|72045000.0|310462000.0|94526000.0|215936000.0|0.0|215936000.0|215936000.0|0.0|1.65|1.65|1.65|128130000.0|128717000.0|0.85|294872000.0|76023000.0|-267322000.0|-71615000.0|-117441000.0|-8234000.0|2946000.0|-112153000.0|-29152000.0|-119043000.0|3561813000.0|1737319000.0|1824494000.0|315968000.0|315968000.0|745541000.0|1194966000.0|489978000.0|2247830000.0|725140000.0|1522690000.0|1115536000.0|1115536000.0|391467000.0|1183656000.0|1183656000.0|686818000.0|-177893000.0|9.23793023|2.39583942|1.89905682|1.00458128|458530000.0|458530000.0|223257000.0|1.74242566|2441275000.0|2366847000.0|18.47223133|1012179000.0
2013-05-31|4078655000.0|4078655000.0|2375936000.0|1702719000.0|0.0|1309235000.0|245489000.0|245489000.0|79846000.0|165643000.0|67040000.0|98603000.0|0.0|98603000.0|98603000.0|0.0|0.75|0.75|0.74|128956000.0|129801000.0|0.89|368454000.0|86336000.0|-477404000.0|-91367000.0|138150000.0|251526000.0|4271000.0|-117647000.0|-1614000.0|27586000.0|4120847000.0|1885917000.0|2234930000.0|343554000.0|343554000.0|787517000.0|1573444000.0|548680000.0|2765914000.0|928030000.0|1837884000.0|1373697000.0|1373697000.0|478185000.0|1200858000.0|1200858000.0|667774000.0|-159253000.0|9.31215298|2.03217245|2.30328149|1.00655262|331825000.0|331825000.0|277087000.0|2.14869413|2649516000.0|2547403000.0|19.75404789|957887000.0
2014-05-31|4376353000.0|4376353000.0|2500585000.0|1875768000.0|0.0|1390128000.0|491114000.0|491114000.0|80951000.0|410163000.0|118503000.0|291660000.0|0.0|291660000.0|291660000.0|0.0|2.2|2.2|2.18|129438000.0|132288000.0|0.94|278149000.0|90069000.0|-149711000.0|-93792000.0|-137243000.0|-6479000.0|-972000.0|-125743000.0|-1881000.0|-10686000.0|4378365000.0|2062295000.0|2316070000.0|332868000.0|332868000.0|873946000.0|1606910000.0|613644000.0|2799771000.0|937086000.0|1862685000.0|1351627000.0|1351627000.0|525680000.0|1382844000.0|1382844000.0|833691000.0|-156882000.0|10.6834469|2.20075319|2.02464703|1.02201826|581183000.0|581183000.0|184357000.0|1.42428808|2853128000.0|2771455000.0|21.41144795|1125209000.0
2015-05-31|4594550000.0|4594550000.0|2653181000.0|1941369000.0|0.0|1422944000.0|552024000.0|552024000.0|87615000.0|464409000.0|224925000.0|239484000.0|0.0|239484000.0|239484000.0|0.0|1.81|1.81|1.78|129933000.0|134893000.0|1.02|330448000.0|99176000.0|-559453000.0|-85363000.0|110193000.0|298242000.0|-30968000.0|-136179000.0|-39345000.0|-158157000.0|4694240000.0|2099846000.0|2594394000.0|174711000.0|174711000.0|956211000.0|1819818000.0|674205000.0|3400775000.0|903236000.0|2497539000.0|1656075000.0|1656075000.0|512165000.0|1291392000.0|1291392000.0|936996000.0|-394135000.0|9.93890698|2.32480326|2.63341805|1.03817352|651200000.0|651200000.0|245085000.0|1.88624137|3452550000.0|2874422000.0|22.12233998|1196610000.0
2016-05-31|4813649000.0|4813649000.0|2726601000.0|2087048000.0|0.0|1520977000.0|572416000.0|572416000.0|91683000.0|480733000.0|126008000.0|354725000.0|0.0|354725000.0|354725000.0|0.0|2.7|2.7|2.63|129383000.0|136716000.0|1.08|474706000.0|111039000.0|-165866000.0|-117183000.0|-206105000.0|-5025000.0|-52806000.0|-144350000.0|-12294000.0|90441000.0|4764969000.0|2135348000.0|2629621000.0|265152000.0|265152000.0|963092000.0|1795031000.0|685818000.0|3390221000.0|1002191000.0|2388030000.0|1639973000.0|1639973000.0|500506000.0|1372335000.0|1372335000.0|1147371000.0|-502047000.0|10.60676441|2.13067968|2.47040336|1.05667669|683455000.0|683455000.0|357523000.0|2.76329193|3342568000.0|2969938000.0|22.9546231|1133157000.0
