Date|REVENUE|REVENUEUSD|COR|GP|RND|SGNA|EBIT|EBITUSD|INTEXP|EBT|TAXEXP|NETINC|PREFDIVIS|NETINCCMN|NETINCCMNUSD|NETINCDIS|EPS|EPSUSD|EPSDIL|SHARESWA|SHARESWADIL|DPS|NCFO|DEPAMOR|NCFI|CAPEX|NCFF|NCFDEBT|NCFCOMMON|NCFDIV|NCFX|NCF|ASSETS|ASSETSC|ASSETSNC|CASHNEQ|CASHNEQUSD|RECEIVABLES|INTANGIBLES|INVENTORY|LIABILITIES|LIABILITIESC|LIABILITIESNC|DEBT|DEBTUSD|PAYABLES|EQUITY|EQUITYUSD|RETEARN|ACCOCI|BVPS|CURRENTRATIO|DE|DILUTIONRATIO|EBITDA|EBITDAUSD|FCF|FCFPS|INVCAP|TANGIBLES|TBVPS|WORKINGCAPITAL
2009-09-30|653079000.0|653079000.0|142726000.0|510353000.0|103664000.0|280436000.0|131648000.0|131648000.0|0.0|131648000.0|40113000.0|91535000.0|0.0|91535000.0|91535000.0|0.0|1.16|1.16|1.14|78842000.0|80073000.0|0.0|201981000.0|26407000.0|-99109000.0|-11669000.0|-70706000.0|0.0|-68748000.0|0.0|368000.0|32166000.0|1068645000.0|468182000.0|600463000.0|113566000.0|113566000.0|106973000.0|231883000.0|13819000.0|269625000.0|223014000.0|46611000.0|0.0|0.0|18891000.0|799020000.0|799020000.0|338571000.0|-2337000.0|10.13444611|2.09933905|0.33744462|1.01561351|158055000.0|158055000.0|190312000.0|2.41384034|500182000.0|836762000.0|10.61315035|245168000.0
2010-09-30|881972000.0|881972000.0|171952000.0|710020000.0|118314000.0|361704000.0|237627000.0|237627000.0|0.0|237627000.0|86474000.0|151153000.0|0.0|151153000.0|151153000.0|0.0|1.9|1.9|1.86|79609000.0|81049000.0|0.0|313612000.0|23833000.0|-238223000.0|-12625000.0|-16798000.0|0.0|-43330000.0|0.0|-674000.0|58591000.0|1362192000.0|605955000.0|756237000.0|168754000.0|168754000.0|112132000.0|234700000.0|18815000.0|358494000.0|287085000.0|71409000.0|0.0|0.0|21180000.0|1003698000.0|1003698000.0|489724000.0|-3241000.0|12.60784585|2.11071634|0.35717317|1.01808841|261460000.0|261460000.0|300987000.0|3.78081624|671653000.0|1127492000.0|14.16287103|318870000.0
2011-09-30|1151834000.0|1151834000.0|208004000.0|943830000.0|138910000.0|454258000.0|360751000.0|360751000.0|0.0|360751000.0|119354000.0|241397000.0|0.0|241397000.0|241397000.0|0.0|2.99|2.99|2.96|80658000.0|81482000.0|0.0|416938000.0|20887000.0|-139719000.0|-30445000.0|-226664000.0|0.0|-250287000.0|0.0|-2525000.0|50555000.0|1568549000.0|763673000.0|804876000.0|216784000.0|216784000.0|165676000.0|234691000.0|17149000.0|463113000.0|372307000.0|90806000.0|0.0|0.0|33525000.0|1105436000.0|1105436000.0|731121000.0|-6422000.0|13.70522453|2.05119162|0.41894149|1.01021597|381638000.0|381638000.0|386493000.0|4.79175035|744767000.0|1333858000.0|16.53720648|391366000.0
2012-09-30|1377247000.0|1377247000.0|236168000.0|1141079000.0|177406000.0|537370000.0|432214000.0|432214000.0|0.0|432214000.0|157028000.0|275186000.0|0.0|275186000.0|275186000.0|0.0|3.48|3.48|3.45|79135000.0|79780000.0|0.0|495437000.0|35139000.0|-352279000.0|-29867000.0|-149231000.0|0.0|-159602000.0|0.0|470000.0|-6073000.0|1911201000.0|776081000.0|1135120000.0|211181000.0|211181000.0|185172000.0|348239000.0|17410000.0|581801000.0|466029000.0|115772000.0|0.0|0.0|27026000.0|1329400000.0|1329400000.0|1006307000.0|-3829000.0|16.79914071|1.66530624|0.43764179|1.00815063|467353000.0|467353000.0|465570000.0|5.88323751|885752000.0|1562962000.0|19.75057813|310052000.0
2013-09-30|1481314000.0|1481314000.0|253047000.0|1228267000.0|209614000.0|585442000.0|438092000.0|438092000.0|0.0|438092000.0|160778000.0|277314000.0|0.0|277314000.0|277314000.0|0.0|3.53|3.53|3.5|78565000.0|79136000.0|0.0|499693000.0|40005000.0|-352470000.0|-26583000.0|-166318000.0|0.0|-170409000.0|0.0|-2393000.0|-19095000.0|2230554000.0|816371000.0|1414183000.0|189693000.0|189693000.0|204205000.0|523727000.0|19026000.0|691842000.0|551350000.0|140492000.0|0.0|0.0|37313000.0|1538712000.0|1538712000.0|1283621000.0|-7414000.0|19.5852097|1.48067652|0.4496241|1.00726787|478097000.0|478097000.0|473110000.0|6.0218927|965784000.0|1706827000.0|21.72503023|265021000.0
2014-09-30|1732046000.0|1732046000.0|309959000.0|1422087000.0|263792000.0|664738000.0|497342000.0|497342000.0|0.0|497342000.0|186159000.0|311183000.0|0.0|311183000.0|311183000.0|0.0|4.13|4.13|4.09|75395000.0|76092000.0|0.0|548992000.0|46121000.0|150641000.0|-22718000.0|-604960000.0|0.0|-615243000.0|0.0|-2864000.0|94673000.0|2184950000.0|998848000.0|1186102000.0|281502000.0|281502000.0|242242000.0|556957000.0|24471000.0|815640000.0|636981000.0|178659000.0|0.0|0.0|43772000.0|1369310000.0|1369310000.0|1363141000.0|-9584000.0|18.16181444|1.56809701|0.59565767|1.00924464|543463000.0|543463000.0|526274000.0|6.98022415|709510000.0|1627993000.0|21.59285098|361867000.0
2015-09-30|1919823000.0|1919823000.0|332261000.0|1587562000.0|296583000.0|738080000.0|561344000.0|561344000.0|0.0|561344000.0|196330000.0|365014000.0|0.0|365014000.0|365014000.0|0.0|5.07|5.07|5.03|71944000.0|72547000.0|0.0|684541000.0|52583000.0|-10699000.0|-60307000.0|-556902000.0|0.0|-566419000.0|0.0|-7982000.0|116940000.0|2312290000.0|1188140000.0|1124150000.0|390460000.0|390460000.0|279434000.0|555965000.0|33717000.0|995562000.0|755123000.0|240439000.0|0.0|0.0|50814000.0|1316728000.0|1316728000.0|1321857000.0|-15288000.0|18.30212387|1.57343903|0.75608782|1.00838152|613927000.0|613927000.0|624234000.0|8.67666518|610742000.0|1756325000.0|24.41239019|433017000.0
2016-09-30|1995034000.0|1995034000.0|337205000.0|1657829000.0|334227000.0|767174000.0|549891000.0|549891000.0|0.0|549891000.0|184036000.0|365855000.0|0.0|365855000.0|365855000.0|0.0|5.43|5.43|5.38|67433000.0|67984000.0|0.0|711535000.0|56776000.0|62720000.0|-63488000.0|-652647000.0|0.0|-655255000.0|0.0|2503000.0|121608000.0|2306323000.0|1288801000.0|1017522000.0|514571000.0|514571000.0|268175000.0|555965000.0|34051000.0|1121061000.0|844238000.0|276823000.0|0.0|0.0|34117000.0|1185262000.0|1185262000.0|1185265000.0|-13194000.0|17.57688372|1.52658492|0.94583392|1.00817107|606667000.0|606667000.0|648047000.0|9.61023534|391549000.0|1750358000.0|25.95699435|444563000.0
