Date|REVENUE|REVENUEUSD|COR|GP|RND|SGNA|EBIT|EBITUSD|INTEXP|EBT|TAXEXP|NETINC|PREFDIVIS|NETINCCMN|NETINCCMNUSD|NETINCDIS|EPS|EPSUSD|EPSDIL|SHARESWA|SHARESWADIL|DPS|NCFO|DEPAMOR|NCFI|CAPEX|NCFF|NCFDEBT|NCFCOMMON|NCFDIV|NCFX|NCF|ASSETS|ASSETSC|ASSETSNC|CASHNEQ|CASHNEQUSD|RECEIVABLES|INTANGIBLES|INVENTORY|LIABILITIES|LIABILITIESC|LIABILITIESNC|DEBT|DEBTUSD|PAYABLES|EQUITY|EQUITYUSD|RETEARN|ACCOCI|BVPS|CURRENTRATIO|DE|DILUTIONRATIO|EBITDA|EBITDAUSD|FCF|FCFPS|INVCAP|TANGIBLES|TBVPS|WORKINGCAPITAL
2009-07-31|236245000.0|236245000.0|186861000.0|49384000.0|0.0|34801000.0|15219000.0|15219000.0|1910000.0|13309000.0|3723000.0|9586000.0|0.0|9586000.0|9586000.0|0.0|1.46|1.46|1.33|7020000.0|7200000.0|0.56|15814000.0|7406000.0|-2189000.0|-15226000.0|-9082000.0|-5580000.0|10000.0|-3684000.0|448000.0|4991000.0|149261000.0|73717000.0|75544000.0|11839000.0|11839000.0|29000000.0|7189000.0|17795000.0|59698000.0|23768000.0|35930000.0|21500000.0|21500000.0|6298000.0|89563000.0|89563000.0|111593000.0|322000.0|12.75826211|3.10152306|0.66654757|1.02564103|22625000.0|22625000.0|588000.0|0.08376068|127965000.0|142072000.0|20.23817664|49949000.0
2010-07-31|219050000.0|219050000.0|169362000.0|49688000.0|0.0|36139000.0|14159000.0|14159000.0|1345000.0|12814000.0|3356000.0|9458000.0|0.0|9458000.0|9458000.0|0.0|1.42|1.42|1.3|7094000.0|7275000.0|0.6|26216000.0|7371000.0|-7890000.0|-10038000.0|-11436000.0|-3200000.0|-4627000.0|-3992000.0|33000.0|6923000.0|153982000.0|76189000.0|77793000.0|18762000.0|18762000.0|27178000.0|6906000.0|16023000.0|63393000.0|27791000.0|35602000.0|18300000.0|18300000.0|7525000.0|90589000.0|90589000.0|116917000.0|559000.0|12.76980547|2.74149905|0.69978695|1.02551452|21530000.0|21530000.0|16178000.0|2.28051875|118823000.0|147076000.0|20.73244996|48398000.0
2011-07-31|226755000.0|226755000.0|176715000.0|50040000.0|0.0|36331000.0|14194000.0|14194000.0|2053000.0|12141000.0|3090000.0|9051000.0|0.0|9051000.0|9051000.0|0.0|1.36|1.36|1.26|6991000.0|7103000.0|0.64|13108000.0|8473000.0|-23665000.0|-13657000.0|9785000.0|15000000.0|-1339000.0|-4218000.0|-105000.0|-877000.0|173393000.0|91816000.0|81577000.0|17885000.0|17885000.0|29217000.0|6629000.0|19230000.0|78095000.0|26480000.0|51615000.0|33300000.0|33300000.0|7498000.0|95298000.0|95298000.0|121388000.0|870000.0|13.63152625|3.4673716|0.81948205|1.0160206|22667000.0|22667000.0|-549000.0|-0.07852954|155699000.0|166764000.0|23.85409813|65336000.0
2012-07-31|240681000.0|240681000.0|181676000.0|59005000.0|0.0|47303000.0|10421000.0|10421000.0|2060000.0|8361000.0|2263000.0|6098000.0|0.0|6098000.0|6098000.0|0.0|0.92|0.92|0.85|6997000.0|7062000.0|0.68|23339000.0|9272000.0|-270000.0|-6929000.0|-13889000.0|-3600000.0|-5895000.0|-4486000.0|28000.0|9208000.0|174267000.0|95202000.0|79065000.0|27093000.0|27093000.0|30225000.0|6365000.0|19673000.0|88959000.0|29122000.0|59837000.0|29700000.0|29700000.0|7854000.0|85308000.0|85308000.0|122901000.0|645000.0|12.19208232|3.26907493|1.04279786|1.0092897|19693000.0|19693000.0|16410000.0|2.34529084|141387000.0|167902000.0|23.99628412|66080000.0
2013-07-31|250583000.0|250583000.0|184084000.0|66499000.0|0.0|47558000.0|19272000.0|19272000.0|1773000.0|17499000.0|2913000.0|14586000.0|0.0|14586000.0|14586000.0|0.0|2.25|2.25|2.07|6879000.0|6927000.0|0.9|23366000.0|8946000.0|-19018000.0|-9729000.0|-7450000.0|-3800000.0|712000.0|-4630000.0|44000.0|-3058000.0|183559000.0|103372000.0|80187000.0|24035000.0|24035000.0|31148000.0|6121000.0|20723000.0|80621000.0|31447000.0|49174000.0|25900000.0|25900000.0|7719000.0|102938000.0|102938000.0|132750000.0|-5035000.0|14.96409362|3.28718161|0.7831996|1.00697776|28218000.0|28218000.0|13637000.0|1.98241023|147856000.0|177438000.0|25.79415613|71925000.0
2014-07-31|266313000.0|266313000.0|206663000.0|59650000.0|0.0|47232000.0|12906000.0|12906000.0|1569000.0|11337000.0|2981000.0|8356000.0|0.0|8356000.0|8356000.0|0.0|1.27|1.27|1.17|6982000.0|7004000.0|0.76|16296000.0|10396000.0|-15570000.0|-18386000.0|-8372000.0|-3500000.0|7000.0|-4965000.0|-159000.0|-7805000.0|186204000.0|83516000.0|102688000.0|16359000.0|16359000.0|30997000.0|16869000.0|24483000.0|81896000.0|29500000.0|52396000.0|22400000.0|22400000.0|8663000.0|104308000.0|104308000.0|136039000.0|-8263000.0|14.93955887|2.83105085|0.78513633|1.00315096|23302000.0|23302000.0|-2090000.0|-0.29934116|145876000.0|169335000.0|24.25307935|54016000.0
2015-07-31|261402000.0|261402000.0|201245000.0|60157000.0|0.0|45004000.0|15496000.0|15496000.0|1327000.0|14169000.0|2801000.0|11368000.0|0.0|11368000.0|11368000.0|0.0|1.73|1.73|1.59|6974000.0|7037000.0|0.8|26976000.0|11994000.0|-14246000.0|-15837000.0|-8743000.0|-3500000.0|-73000.0|-5247000.0|-79000.0|3908000.0|190031000.0|82643000.0|107388000.0|20138000.0|20138000.0|31466000.0|15543000.0|21369000.0|79503000.0|28888000.0|50615000.0|18900000.0|18900000.0|8804000.0|110528000.0|110528000.0|142095000.0|-9245000.0|15.84858044|2.86080726|0.7193019|1.00903355|27490000.0|27490000.0|11139000.0|1.59721824|144362000.0|174488000.0|25.01978778|53755000.0
2016-07-31|262313000.0|262313000.0|185164000.0|77149000.0|0.0|61736000.0|15392000.0|15392000.0|1035000.0|14357000.0|744000.0|13613000.0|0.0|13613000.0|13613000.0|0.0|2.04|2.04|1.87|7036000.0|7094000.0|0.84|25171000.0|12192000.0|-18407000.0|-10423000.0|-8442000.0|-3484000.0|448000.0|-5600000.0|169000.0|-1509000.0|204933000.0|91173000.0|113760000.0|18629000.0|18629000.0|30386000.0|14275000.0|23251000.0|89382000.0|30740000.0|58642000.0|15416000.0|15416000.0|8112000.0|115551000.0|115551000.0|149945000.0|-14022000.0|16.42282547|2.96594014|0.77352857|1.00824332|27584000.0|27584000.0|14748000.0|2.09607732|156705000.0|190658000.0|27.09749858|60433000.0
