Date|REVENUE|REVENUEUSD|COR|GP|RND|SGNA|EBIT|EBITUSD|INTEXP|EBT|TAXEXP|NETINC|PREFDIVIS|NETINCCMN|NETINCCMNUSD|NETINCDIS|EPS|EPSUSD|EPSDIL|SHARESWA|SHARESWADIL|DPS|NCFO|DEPAMOR|NCFI|CAPEX|NCFF|NCFDEBT|NCFCOMMON|NCFDIV|NCFX|NCF|ASSETS|ASSETSC|ASSETSNC|CASHNEQ|CASHNEQUSD|RECEIVABLES|INTANGIBLES|INVENTORY|LIABILITIES|LIABILITIESC|LIABILITIESNC|DEBT|DEBTUSD|PAYABLES|EQUITY|EQUITYUSD|RETEARN|ACCOCI|BVPS|CURRENTRATIO|DE|DILUTIONRATIO|EBITDA|EBITDAUSD|FCF|FCFPS|INVCAP|TANGIBLES|TBVPS|WORKINGCAPITAL
2009-09-30|1194050000.0|1194050000.0|936927000.0|257123000.0|0.0|230736000.0|33486000.0|33486000.0|13091000.0|20395000.0|1687000.0|18708000.0|0.0|18708000.0|18708000.0|-790000.0|0.32|0.32|0.32|58699000.0|59002000.0|0.0|84100000.0|42346000.0|-32833000.0|-32697000.0|-43202000.0|-46111000.0|2887000.0|0.0|2152000.0|8912000.0|1143891000.0|740995000.0|402896000.0|320833000.0|320833000.0|240155000.0|131868000.0|139170000.0|455684000.0|269669000.0|186015000.0|176984000.0|176984000.0|125027000.0|688207000.0|688207000.0|421992000.0|0.0|11.72433943|2.74779452|0.66213218|1.00516193|75832000.0|75832000.0|51403000.0|0.87570487|598505000.0|1012023000.0|17.24088996|471326000.0
2010-09-30|1293996000.0|1293996000.0|1005692000.0|288304000.0|0.0|261403000.0|26222000.0|26222000.0|12322000.0|13900000.0|4308000.0|9592000.0|0.0|9592000.0|9592000.0|-88000.0|0.16|0.16|0.16|58974000.0|58974000.0|0.0|83125000.0|40442000.0|-584143000.0|-40477000.0|353293000.0|367073000.0|3166000.0|0.0|-2668000.0|-151031000.0|1753701000.0|811471000.0|942230000.0|169802000.0|169802000.0|316007000.0|593760000.0|268801000.0|1042986000.0|340361000.0|702625000.0|524836000.0|524836000.0|185165000.0|710715000.0|710715000.0|431584000.0|0.0|12.0513277|2.38414801|1.46751652|1.0|66664000.0|66664000.0|42648000.0|0.72316614|1174614000.0|1159941000.0|19.66868451|471110000.0
2011-09-30|1830802000.0|1830802000.0|1437341000.0|393461000.0|0.0|330369000.0|33497000.0|33497000.0|47846000.0|-14349000.0|-6918000.0|-7431000.0|0.0|-7431000.0|-7431000.0|0.0|-0.13|-0.13|-0.13|58919000.0|58919000.0|0.0|35385000.0|60712000.0|-82333000.0|-87617000.0|122110000.0|179217000.0|-35806000.0|0.0|-973000.0|73227000.0|1865254000.0|899255000.0|965999000.0|243029000.0|243029000.0|342208000.0|581077000.0|263809000.0|1213346000.0|314879000.0|898467000.0|713411000.0|713411000.0|186290000.0|651908000.0|651908000.0|424153000.0|0.0|11.06447835|2.8558748|1.86122275|1.0|94209000.0|94209000.0|-52232000.0|-0.8865052|1439680000.0|1284177000.0|21.79563468|584376000.0
2012-09-30|1861145000.0|1861145000.0|1442340000.0|418805000.0|0.0|341696000.0|73948000.0|73948000.0|52007000.0|21941000.0|4930000.0|17011000.0|0.0|17011000.0|17011000.0|0.0|0.3|0.3|0.3|55914000.0|55914000.0|0.08|90130000.0|66264000.0|-90974000.0|-68542000.0|-30693000.0|-16405000.0|-10382000.0|-4743000.0|963000.0|-33375000.0|1806192000.0|826215000.0|979977000.0|209654000.0|209654000.0|310634000.0|588845000.0|257868000.0|1152040000.0|273383000.0|878657000.0|699610000.0|699610000.0|141704000.0|654152000.0|654152000.0|436421000.0|0.0|11.69925242|3.02218865|1.76111974|1.0|140212000.0|140212000.0|21588000.0|0.38609293|1433920000.0|1217347000.0|21.77177451|552832000.0
2013-09-30|1871327000.0|1871327000.0|1453742000.0|417585000.0|0.0|340469000.0|63830000.0|63830000.0|52520000.0|11310000.0|7543000.0|3767000.0|0.0|3767000.0|3767000.0|3023000.0|0.07|0.07|0.07|54428000.0|54428000.0|0.11|85683000.0|70748000.0|-62868000.0|-62868000.0|-52249000.0|-13614000.0|-32521000.0|-5825000.0|0.0|-31524000.0|1777608000.0|816510000.0|961098000.0|178130000.0|178130000.0|366043000.0|575850000.0|230120000.0|1127144000.0|284409000.0|842735000.0|689255000.0|689255000.0|163610000.0|650464000.0|650464000.0|434363000.0|0.0|11.95090762|2.87090071|1.73283072|1.0|134578000.0|134578000.0|22815000.0|0.41917763|1428474000.0|1201758000.0|22.07977512|532101000.0
2014-09-30|1991811000.0|1991811000.0|1532412000.0|459399000.0|0.0|375099000.0|42731000.0|42731000.0|48447000.0|-5716000.0|-5539000.0|-177000.0|0.0|-177000.0|-177000.0|0.0|0.0|0.0|0.0|49367000.0|49367000.0|0.12|93301000.0|67396000.0|-147250000.0|-76542000.0|-27930000.0|88100000.0|-99030000.0|-6273000.0|-2318000.0|-85725000.0|1808826000.0|815099000.0|993727000.0|92405000.0|92405000.0|368366000.0|607734000.0|290135000.0|1276799000.0|333428000.0|943371000.0|799187000.0|799187000.0|218703000.0|532027000.0|532027000.0|427913000.0|0.0|10.77697652|2.44460273|2.39987632|1.0|110127000.0|110127000.0|16759000.0|0.33947779|1574446000.0|1201092000.0|24.32985598|481671000.0
2015-09-30|2016032000.0|2016032000.0|1540254000.0|475778000.0|0.0|374761000.0|101809000.0|101809000.0|48173000.0|53636000.0|19347000.0|34289000.0|0.0|34289000.0|34289000.0|0.0|0.77|0.77|0.73|44608000.0|44608000.0|0.16|76137000.0|69800000.0|-66620000.0|-73286000.0|-44851000.0|45391000.0|-81972000.0|-7654000.0|-4152000.0|-40404000.0|1712813000.0|740954000.0|971859000.0|52001000.0|52001000.0|322650000.0|570078000.0|325809000.0|1282288000.0|319837000.0|962451000.0|843569000.0|843569000.0|199811000.0|430525000.0|430525000.0|454548000.0|0.0|9.65129573|2.3166613|2.97842866|1.0|171609000.0|171609000.0|2851000.0|0.0639123|1614466000.0|1142735000.0|25.61726596|421117000.0
2016-09-30|1957161000.0|1957161000.0|1483727000.0|473434000.0|0.0|364027000.0|104418000.0|104418000.0|51254000.0|53164000.0|23154000.0|30010000.0|0.0|30010000.0|30010000.0|0.0|0.73|0.73|0.68|41074000.0|41074000.0|0.2|105937000.0|70208000.0|-93605000.0|-89850000.0|8888000.0|87322000.0|-65307000.0|-8798000.0|886000.0|20552000.0|1782096000.0|780958000.0|1001138000.0|72553000.0|72553000.0|360712000.0|571784000.0|308869000.0|1371149000.0|318263000.0|1052886000.0|936558000.0|936558000.0|190341000.0|410947000.0|410947000.0|475760000.0|-81241000.0|10.00503968|2.45381336|3.33655922|1.0|174626000.0|174626000.0|16087000.0|0.39165896|1756054000.0|1210312000.0|29.46662122|462695000.0
