Date|REVENUE|REVENUEUSD|COR|GP|RND|SGNA|EBIT|EBITUSD|INTEXP|EBT|TAXEXP|NETINC|PREFDIVIS|NETINCCMN|NETINCCMNUSD|NETINCDIS|EPS|EPSUSD|EPSDIL|SHARESWA|SHARESWADIL|DPS|NCFO|DEPAMOR|NCFI|CAPEX|NCFF|NCFDEBT|NCFCOMMON|NCFDIV|NCFX|NCF|ASSETS|ASSETSC|ASSETSNC|CASHNEQ|CASHNEQUSD|RECEIVABLES|INTANGIBLES|INVENTORY|LIABILITIES|LIABILITIESC|LIABILITIESNC|DEBT|DEBTUSD|PAYABLES|EQUITY|EQUITYUSD|RETEARN|ACCOCI|BVPS|CURRENTRATIO|DE|DILUTIONRATIO|EBITDA|EBITDAUSD|FCF|FCFPS|INVCAP|TANGIBLES|TBVPS|WORKINGCAPITAL
2009-04-30|1611390000.0|1611390000.0|516420000.0|1094970000.0|0.0|839648000.0|212899000.0|212899000.0|48424000.0|164475000.0|36217000.0|128258000.0|0.0|128258000.0|128258000.0|0.0|2.2|2.2|2.15|59610000.0|59610000.0|0.52|256009000.0|71978000.0|-116389000.0|-92429000.0|-89055000.0|-40440000.0|-23487000.0|-30478000.0|-7048000.0|43517000.0|2223708000.0|439569000.0|1784139000.0|102828000.0|102828000.0|178550000.0|1509368000.0|111267000.0|1710192000.0|596967000.0|1113225000.0|822400000.0|822400000.0|160275000.0|513516000.0|513516000.0|892542000.0|-216420000.0|8.61459487|0.73633718|3.33035777|1.0|284877000.0|284877000.0|163580000.0|2.74417044|836945000.0|714340000.0|11.98355981|-157398000.0
2010-04-30|1699062000.0|1699062000.0|534001000.0|1165061000.0|0.0|872193000.0|232543000.0|232543000.0|32334000.0|200209000.0|56666000.0|143543000.0|0.0|143543000.0|143543000.0|0.0|2.45|2.45|2.41|59679000.0|59679000.0|0.56|315006000.0|75439000.0|-106124000.0|-99694000.0|-156418000.0|-163693000.0|32625000.0|-32986000.0|-1779000.0|50685000.0|2308610000.0|478122000.0|1830488000.0|153513000.0|153513000.0|164827000.0|1527029000.0|108073000.0|1586174000.0|666780000.0|919394000.0|649000000.0|649000000.0|145022000.0|722436000.0|722436000.0|1003099000.0|-146693000.0|12.1053637|0.7170611|2.19559103|1.0|307982000.0|307982000.0|215312000.0|3.60783525|610288000.0|781581000.0|13.09641582|-188658000.0
2011-04-30|1742551000.0|1742551000.0|539043000.0|1203508000.0|0.0|910847000.0|248382000.0|248382000.0|17322000.0|231060000.0|59171000.0|171889000.0|0.0|171889000.0|171889000.0|0.0|2.86|2.86|2.8|61359000.0|61359000.0|0.64|375619000.0|81085000.0|-113030000.0|-105864000.0|-230044000.0|-195985000.0|-111000.0|-38764000.0|15795000.0|48340000.0|2430141000.0|527490000.0|1902651000.0|201853000.0|201853000.0|168310000.0|1575628000.0|106423000.0|1452252000.0|756365000.0|695887000.0|454200000.0|454200000.0|155262000.0|977889000.0|977889000.0|1136224000.0|-66105000.0|15.93717303|0.69740139|1.4850888|1.0|329467000.0|329467000.0|269755000.0|4.39633958|350495000.0|854513000.0|13.92644926|-228875000.0
2012-04-30|1782742000.0|1782742000.0|543396000.0|1239346000.0|0.0|922177000.0|281133000.0|281133000.0|9038000.0|272095000.0|59349000.0|212746000.0|0.0|212746000.0|212746000.0|0.0|3.53|3.53|3.47|61272000.0|61272000.0|0.8|379648000.0|87147000.0|-212052000.0|-119878000.0|-104715000.0|16386000.0|-71769000.0|-48257000.0|-4904000.0|57977000.0|2532946000.0|574600000.0|1958346000.0|259830000.0|259830000.0|171561000.0|1606114000.0|101237000.0|1515378000.0|640930000.0|874448000.0|475000000.0|475000000.0|151350000.0|1017568000.0|1017568000.0|1300713000.0|-97029000.0|16.60739|0.89650976|1.48921546|1.0|368280000.0|368280000.0|259770000.0|4.23962005|501072000.0|926832000.0|15.12651782|-66330000.0
2013-04-30|1760778000.0|1760778000.0|532232000.0|1228546000.0|0.0|933148000.0|200000000.0|200000000.0|13078000.0|186922000.0|42697000.0|144225000.0|0.0|144225000.0|144225000.0|0.0|2.43|2.43|2.39|60224000.0|60224000.0|0.96|337037000.0|97999000.0|-342468000.0|-109138000.0|90401000.0|197549000.0|-49915000.0|-57426000.0|-10660000.0|74310000.0|2806375000.0|634971000.0|2171404000.0|334140000.0|334140000.0|161731000.0|1790497000.0|82017000.0|1818019000.0|667169000.0|1150850000.0|673000000.0|673000000.0|143313000.0|988356000.0|988356000.0|1387512000.0|-135508000.0|16.41133103|0.95173936|1.83943741|1.0|297999000.0|297999000.0|227899000.0|3.78418903|687569000.0|1015878000.0|16.86832492|-32198000.0
2014-04-30|1775195000.0|1775195000.0|506879000.0|1268316000.0|0.0|969456000.0|209450000.0|209450000.0|13916000.0|195534000.0|35024000.0|160510000.0|0.0|160510000.0|160510000.0|0.0|2.73|2.73|2.7|59514000.0|59514000.0|1.0|348224000.0|103000000.0|-149347000.0|-98132000.0|-53534000.0|14746000.0|-7861000.0|-58953000.0|6894000.0|152237000.0|3077365000.0|789662000.0|2287703000.0|486377000.0|486377000.0|149733000.0|1888326000.0|75495000.0|1895117000.0|729587000.0|1165530000.0|700100000.0|700100000.0|142534000.0|1182248000.0|1182248000.0|1489069000.0|-67266000.0|19.86504016|1.08234111|1.60297755|1.0|312450000.0|312450000.0|250092000.0|4.20223813|673175000.0|1189039000.0|19.97914776|60075000.0
2015-04-30|1822440000.0|1822440000.0|499683000.0|1322757000.0|0.0|1005000000.0|242538000.0|242538000.0|17077000.0|225461000.0|48593000.0|176868000.0|0.0|176868000.0|176868000.0|0.0|3.01|3.01|2.97|59594000.0|59594000.0|1.16|355122000.0|113286000.0|-279671000.0|-108542000.0|-60958000.0|41004000.0|-36655000.0|-68498000.0|-43429000.0|-28936000.0|3004243000.0|740919000.0|2263324000.0|457441000.0|457441000.0|147183000.0|1879988000.0|63779000.0|1949203000.0|803683000.0|1145520000.0|750090000.0|750090000.0|161465000.0|1055040000.0|1055040000.0|1597439000.0|-247199000.0|17.70379568|0.92190453|1.84751573|1.0|355824000.0|355824000.0|246580000.0|4.13766487|613221000.0|1124255000.0|18.86523811|-62764000.0
2016-04-30|1727037000.0|1727037000.0|465917000.0|1261120000.0|0.0|994632000.0|191500000.0|191500000.0|16707000.0|174793000.0|29011000.0|145782000.0|0.0|145782000.0|145782000.0|0.0|2.51|2.51|2.48|58734000.0|58734000.0|1.2|349957000.0|116191000.0|-151395000.0|-130977000.0|-285663000.0|-143360000.0|-70072000.0|-69896000.0|-6534000.0|-93635000.0|2921096000.0|670679000.0|2250417000.0|363806000.0|363806000.0|167638000.0|1828670000.0|57779000.0|1883990000.0|781807000.0|1102183000.0|605007000.0|605007000.0|166222000.0|1037106000.0|1037106000.0|1673325000.0|-447686000.0|17.65767698|0.8578575|1.81658384|1.0|307691000.0|307691000.0|218980000.0|3.72833453|551820000.0|1092426000.0|18.59955052|-111128000.0
