Date|REVENUE|REVENUEUSD|COR|GP|RND|SGNA|EBIT|EBITUSD|INTEXP|EBT|TAXEXP|NETINC|PREFDIVIS|NETINCCMN|NETINCCMNUSD|NETINCDIS|EPS|EPSUSD|EPSDIL|SHARESWA|SHARESWADIL|DPS|NCFO|DEPAMOR|NCFI|CAPEX|NCFF|NCFDEBT|NCFCOMMON|NCFDIV|NCFX|NCF|ASSETS|ASSETSC|ASSETSNC|CASHNEQ|CASHNEQUSD|RECEIVABLES|INTANGIBLES|INVENTORY|LIABILITIES|LIABILITIESC|LIABILITIESNC|DEBT|DEBTUSD|PAYABLES|EQUITY|EQUITYUSD|RETEARN|ACCOCI|BVPS|CURRENTRATIO|DE|DILUTIONRATIO|EBITDA|EBITDAUSD|FCF|FCFPS|INVCAP|TANGIBLES|TBVPS|WORKINGCAPITAL
2009-06-30|15305000.0|15305000.0|0.0|15305000.0|0.0|23642000.0|-14675000.0|-14675000.0|0.0|-14675000.0|-7236000.0|-7439000.0|0.0|-7439000.0|-7439000.0|0.0|-1.2|-1.2|-1.2|6219654.0||0.16|-85783000.0|2021000.0|175238000.0|-797000.0|-47666000.0|-22643000.0|0.0|-994000.0|0.0|41789000.0|1579613000.0|||56903000.0|56903000.0|0.0|0.0|0.0|1464703000.0|||456692000.0|456692000.0|18766000.0|114910000.0|114910000.0|134620000.0|1872000.0|18.47530425||12.74652337||-12654000.0|-12654000.0|-86580000.0|-13.9203885|1979402000.0|1579613000.0|253.97120161|
2010-06-30|39994000.0|39994000.0|0.0|39994000.0|0.0|30181000.0|1855000.0|1855000.0|0.0|1855000.0|740000.0|1115000.0|0.0|1115000.0|1115000.0|0.0|0.13|0.13|0.13|11406654.0||0.04|969000.0|1534000.0|230101000.0|-395000.0|-191772000.0|-147045000.0|11933000.0|-352000.0|0.0|39298000.0|1399401000.0|||96201000.0|96201000.0|0.0|0.0|0.0|1271657000.0|||309647000.0|309647000.0|29077000.0|127744000.0|127744000.0|135383000.0|667000.0|11.19907731||9.95472977||3389000.0|3389000.0|574000.0|0.05032151|1612847000.0|1399401000.0|122.68286563|
2011-06-30|68641000.0|68641000.0|0.0|68641000.0|0.0|37103000.0|23269000.0|23269000.0|0.0|23269000.0|10049000.0|13220000.0|0.0|13220000.0|13220000.0|0.0|1.16|1.16|1.16|11418654.0||0.04|-2414000.0|1417000.0|139432000.0|1310000.0|-90669000.0|-103049000.0|0.0|-456000.0|0.0|46349000.0|1313724000.0|||142550000.0|142550000.0|0.0|0.0|0.0|1172806000.0|||206598000.0|206598000.0|20441000.0|140918000.0|140918000.0|147322000.0|638000.0|12.34103424||8.32261315||24686000.0|24686000.0|-1104000.0|-0.0966839|1377772000.0|1313724000.0|115.05068811|
2012-06-30|74103000.0|74103000.0|0.0|74103000.0|0.0|47625000.0|18738000.0|18738000.0|0.0|18738000.0|7928000.0|10810000.0|0.0|10810000.0|10810000.0|0.0|0.96|0.96|0.96|11013972.0||0.14|-12324000.0|1357000.0|87511000.0|-2595000.0|-72601000.0|-80052000.0|-6621000.0|-1572000.0|0.0|2586000.0|1260917000.0|||145136000.0|145136000.0|0.0|0.0|0.0|1116140000.0|||126546000.0|126546000.0|28183000.0|144777000.0|144777000.0|156560000.0|626000.0|13.14484911||7.70937373||20095000.0|20095000.0|-14919000.0|-1.3545522|1242327000.0|1260917000.0|114.48340344|
2013-06-30|110056000.0|110056000.0|0.0|110056000.0|0.0|60429000.0|42713000.0|42713000.0|0.0|42713000.0|16916000.0|25797000.0|0.0|25797000.0|25797000.0|0.0|2.43|2.43|2.38|10450471.0||0.24|55065000.0|1746000.0|63390000.0|-1111000.0|-69752000.0|-20055000.0|-8663000.0|-2541000.0|0.0|48703000.0|1211041000.0|||193839000.0|193839000.0|0.0|0.0|0.0|1051067000.0|||106491000.0|106491000.0|21566000.0|159974000.0|159974000.0|179816000.0|554000.0|15.3078268||6.57023641||44459000.0|44459000.0|53954000.0|5.1628295|1123693000.0|1211041000.0|115.88386782|
2014-06-30|65778000.0|65778000.0|0.0|65778000.0|0.0|47935000.0|11610000.0|11610000.0|0.0|11610000.0|5004000.0|6606000.0|0.0|6606000.0|6606000.0|0.0|0.67|0.67|0.65|9668877.0||0.4|48517000.0|1658000.0|-12143000.0|-715000.0|-111276000.0|-65060000.0|-16797000.0|-3964000.0|0.0|-74902000.0|1105629000.0|||118937000.0|118937000.0|0.0|0.0|0.0|959767000.0|||41431000.0|41431000.0|20466000.0|145862000.0|145862000.0|182458000.0|386000.0|15.08572299||6.579966||13268000.0|13268000.0|47802000.0|4.94390403|1028123000.0|1105629000.0|114.34926724|
2015-06-30|75049000.0|75049000.0|0.0|75049000.0|0.0|51826000.0|17080000.0|17080000.0|0.0|17080000.0|7277000.0|9803000.0|0.0|9803000.0|9803000.0|0.0|1.09|1.09|1.07|8718929.0||0.45|-57775000.0|1857000.0|-39953000.0|-376000.0|60194000.0|49936000.0|-12300000.0|-4055000.0|0.0|-37534000.0|1174555000.0|||81403000.0|81403000.0|0.0|0.0|0.0|1033418000.0|||91367000.0|91367000.0|17965000.0|141137000.0|141137000.0|188206000.0|331000.0|16.18742394||7.3220913||18937000.0|18937000.0|-58151000.0|-6.66951182|1184519000.0|1174555000.0|134.71321994|
2016-06-30|71105000.0|71105000.0|0.0|71105000.0|0.0|52178000.0|12846000.0|12846000.0|0.0|12846000.0|5372000.0|7474000.0|0.0|7474000.0|7474000.0|0.0|0.9|0.9|0.88|8175848.0||0.48|47735000.0|1909000.0|-63922000.0|-1517000.0|-14010000.0|-68000.0|-12448000.0|-4014000.0|0.0|-30197000.0|1171381000.0|||51206000.0|51206000.0|0.0|0.0|0.0|1037930000.0|||91299000.0|91299000.0|20247000.0|133451000.0|133451000.0|191666000.0|313000.0|16.32258819||7.77761126||14755000.0|14755000.0|46218000.0|5.65299159|1211474000.0|1171381000.0|143.27333385|
