Date|REVENUE|REVENUEUSD|COR|GP|RND|SGNA|EBIT|EBITUSD|INTEXP|EBT|TAXEXP|NETINC|PREFDIVIS|NETINCCMN|NETINCCMNUSD|NETINCDIS|EPS|EPSUSD|EPSDIL|SHARESWA|SHARESWADIL|DPS|NCFO|DEPAMOR|NCFI|CAPEX|NCFF|NCFDEBT|NCFCOMMON|NCFDIV|NCFX|NCF|ASSETS|ASSETSC|ASSETSNC|CASHNEQ|CASHNEQUSD|RECEIVABLES|INTANGIBLES|INVENTORY|LIABILITIES|LIABILITIESC|LIABILITIESNC|DEBT|DEBTUSD|PAYABLES|EQUITY|EQUITYUSD|RETEARN|ACCOCI|BVPS|CURRENTRATIO|DE|DILUTIONRATIO|EBITDA|EBITDAUSD|FCF|FCFPS|INVCAP|TANGIBLES|TBVPS|WORKINGCAPITAL
2009-07-31|1208702000.0|1208702000.0|631119000.0|577583000.0|34181000.0|397180000.0|122173000.0|122173000.0|24901000.0|97272000.0|27150000.0|70122000.0|0.0|70122000.0|70122000.0|0.0|1.33|1.33|1.32|52559000.0|52866000.0|0.68|126645000.0|54851000.0|-19044000.0|-24027000.0|-160311000.0|-87224000.0|-38584000.0|-35839000.0|-17489000.0|-70199000.0|1583267000.0|509427000.0|1073840000.0|188156000.0|188156000.0|191189000.0|866927000.0|93808000.0|632175000.0|222472000.0|409703000.0|391350000.0|391350000.0|83793000.0|951092000.0|951092000.0|673342000.0|53051000.0|18.09570197|2.28984771|0.66468333|1.00584105|177024000.0|177024000.0|102618000.0|1.95243441|697062000.0|716340000.0|13.62925474|286955000.0
2010-07-31|1259096000.0|1259096000.0|635799000.0|623297000.0|42621000.0|435906000.0|130624000.0|130624000.0|21222000.0|109402000.0|27446000.0|81956000.0|0.0|81956000.0|81956000.0|0.0|1.56|1.56|1.55|52402000.0|52946000.0|0.7|165238000.0|53022000.0|-48681000.0|-26296000.0|15275000.0|50022000.0|1180000.0|-36786000.0|-5148000.0|126684000.0|1746531000.0|668972000.0|1077559000.0|314840000.0|314840000.0|221621000.0|872146000.0|94672000.0|741504000.0|293788000.0|447716000.0|444204000.0|444204000.0|96702000.0|1005027000.0|1005027000.0|718512000.0|50905000.0|19.17917255|2.27705693|0.7377951|1.01038128|183646000.0|183646000.0|138942000.0|2.65146368|709961000.0|874385000.0|16.68609977|375184000.0
2011-07-31|1059355000.0|1059355000.0|471405000.0|587950000.0|38268000.0|397472000.0|152443000.0|152443000.0|22124000.0|130319000.0|21667000.0|108652000.0|0.0|108652000.0|108652000.0|0.0|2.06|2.06|2.04|52639000.0|53133000.0|0.72|167350000.0|48827000.0|-22631000.0|-20532000.0|-91574000.0|-61264000.0|8193000.0|-38064000.0|21986000.0|75131000.0|1861505000.0|758287000.0|1103218000.0|389971000.0|389971000.0|228483000.0|890304000.0|104186000.0|705313000.0|301881000.0|403432000.0|393178000.0|393178000.0|98847000.0|1156192000.0|1156192000.0|789100000.0|113898000.0|21.964551|2.51187388|0.61003103|1.00938468|201270000.0|201270000.0|146818000.0|2.78914873|672527000.0|971201000.0|18.45021752|456406000.0
2012-07-31|1071504000.0|1071504000.0|480535000.0|590969000.0|34528000.0|392694000.0|38341000.0|38341000.0|19090000.0|19251000.0|37162000.0|-17911000.0|0.0|-17911000.0|-17911000.0|0.0|-0.35|-0.35|-0.34|52453000.0|52821000.0|0.74|144705000.0|43987000.0|-64604000.0|-24147000.0|-147824000.0|-63648000.0|-46069000.0|-38899000.0|-16348000.0|-84071000.0|1607719000.0|650854000.0|956865000.0|305900000.0|305900000.0|199006000.0|760910000.0|105524000.0|598366000.0|267018000.0|331348000.0|316208000.0|316208000.0|86646000.0|1009353000.0|1009353000.0|732290000.0|59411000.0|19.24299849|2.43749111|0.59282134|1.0070158|82328000.0|82328000.0|120558000.0|2.29840047|590099000.0|846809000.0|16.14414809|383836000.0
2013-07-31|1157792000.0|1157792000.0|548444000.0|609348000.0|33552000.0|427858000.0|-95311000.0|-95311000.0|16641000.0|-111952000.0|42583000.0|-154535000.0|0.0|-154535000.0|-154535000.0|16278000.0|-2.7|-2.7|-2.7|51330000.0|51330000.0|0.76|143503000.0|48725000.0|-325766000.0|-35687000.0|-33060000.0|-10651000.0|15203000.0|-39243000.0|481000.0|-214842000.0|1438683000.0|512490000.0|926193000.0|91058000.0|91058000.0|169261000.0|774087000.0|94707000.0|607886000.0|323497000.0|284389000.0|313027000.0|313027000.0|82519000.0|830797000.0|830797000.0|538512000.0|56063000.0|16.18540814|1.58421871|0.73169017|1.0|-46586000.0|-46586000.0|107816000.0|2.10044808|563068000.0|664596000.0|12.94751607|188993000.0
2014-07-31|1225034000.0|1225034000.0|615470000.0|609564000.0|35048000.0|452164000.0|-36631000.0|-36631000.0|14300000.0|-50931000.0|-4963000.0|-45968000.0|0.0|-45968000.0|-45968000.0|-2178000.0|-0.93|-0.93|-0.93|51866000.0|51866000.0|0.78|93420000.0|44598000.0|10207000.0|-43398000.0|-115387000.0|-50328000.0|-18468000.0|-40487000.0|2536000.0|-9224000.0|1253665000.0|463842000.0|789823000.0|81834000.0|81834000.0|177648000.0|606018000.0|113275000.0|520589000.0|291945000.0|228644000.0|263232000.0|263232000.0|88099000.0|733076000.0|733076000.0|452057000.0|64156000.0|14.13403771|1.58879926|0.71014329|1.0|7967000.0|7967000.0|50022000.0|0.96444684|537100000.0|647647000.0|12.48692785|171897000.0
2015-07-31|1171731000.0|1171731000.0|613299000.0|558432000.0|36734000.0|422704000.0|34236000.0|34236000.0|11156000.0|23080000.0|20093000.0|2987000.0|0.0|2987000.0|2987000.0|1915000.0|0.1|0.1|0.1|51285000.0|51383000.0|0.8|93348000.0|39458000.0|-14365000.0|-26673000.0|-32152000.0|8554000.0|1644000.0|-40976000.0|-14173000.0|32658000.0|1062897000.0|396140000.0|666757000.0|114492000.0|114492000.0|157386000.0|502087000.0|104507000.0|475209000.0|208992000.0|266217000.0|253699000.0|253699000.0|73020000.0|587688000.0|587688000.0|414069000.0|-45034000.0|11.45925709|1.89547925|0.80860763|1.00191089|73694000.0|73694000.0|66675000.0|1.30008774|491025000.0|560810000.0|10.93516623|187148000.0
2016-07-31|1120625000.0|1120625000.0|561852000.0|558773000.0|35799000.0|405096000.0|117169000.0|117169000.0|7824000.0|109345000.0|29235000.0|80110000.0|0.0|80110000.0|80110000.0|0.0|1.59|1.59|1.58|50541000.0|50769000.0|0.81|138976000.0|32432000.0|-15416000.0|-17140000.0|-99576000.0|-38800000.0|-18306000.0|-40808000.0|2752000.0|26736000.0|1043964000.0|407424000.0|636540000.0|141228000.0|141228000.0|147333000.0|489677000.0|99427000.0|440366000.0|166727000.0|273639000.0|216910000.0|216910000.0|62245000.0|603598000.0|603598000.0|453371000.0|-54745000.0|11.94273956|2.4436594|0.72956836|1.00451119|149601000.0|149601000.0|121836000.0|2.41063691|463242000.0|554287000.0|10.96707624|240697000.0
