Date|REVENUE|REVENUEUSD|COR|GP|RND|SGNA|EBIT|EBITUSD|INTEXP|EBT|TAXEXP|NETINC|PREFDIVIS|NETINCCMN|NETINCCMNUSD|NETINCDIS|EPS|EPSUSD|EPSDIL|SHARESWA|SHARESWADIL|DPS|NCFO|DEPAMOR|NCFI|CAPEX|NCFF|NCFDEBT|NCFCOMMON|NCFDIV|NCFX|NCF|ASSETS|ASSETSC|ASSETSNC|CASHNEQ|CASHNEQUSD|RECEIVABLES|INTANGIBLES|INVENTORY|LIABILITIES|LIABILITIESC|LIABILITIESNC|DEBT|DEBTUSD|PAYABLES|EQUITY|EQUITYUSD|RETEARN|ACCOCI|BVPS|CURRENTRATIO|DE|DILUTIONRATIO|EBITDA|EBITDAUSD|FCF|FCFPS|INVCAP|TANGIBLES|TBVPS|WORKINGCAPITAL
2009-04-30|676128000.0|676128000.0|49388000.0|626740000.0|0.0|569514000.0|-8645000.0|-8645000.0|1063000.0|-9708000.0|384000.0|-10092000.0|0.0|-10092000.0|-10092000.0|0.0|-0.23|-0.23|-0.23|43522000.0|43522000.0|0.0|3171000.0|11583000.0|-27780000.0|-11947000.0|-5682000.0|951000.0|-5979000.0|0.0|-20005000.0|-50296000.0|740879000.0|371597000.0|369282000.0|255000000.0|255000000.0|67308000.0|150259000.0|0.0|281780000.0|173347000.0|108433000.0|0.0|0.0|10282000.0|459637000.0|459637000.0|84922000.0|6285000.0|10.56102661|2.14365983|0.61304899|1.0|2938000.0|2938000.0|-8776000.0|-0.20164514|162273000.0|590620000.0|13.57060797|198250000.0
2010-04-30|599649000.0|599649000.0|41585000.0|558064000.0|0.0|528620000.0|7435000.0|7435000.0|2622000.0|4813000.0|-485000.0|5298000.0|0.0|5298000.0|5298000.0|0.0|0.12|0.12|0.12|44413000.0|45457000.0|0.0|-30846000.0|11493000.0|-23444000.0|-7282000.0|8096000.0|5317000.0|3390000.0|0.0|10427000.0|-35767000.0|827098000.0|380864000.0|446234000.0|219233000.0|219233000.0|107215000.0|197698000.0|0.0|335756000.0|198083000.0|137673000.0|0.0|0.0|11148000.0|491871000.0|491871000.0|90220000.0|12934000.0|11.07493302|1.92274955|0.68260987|1.02350663|18928000.0|18928000.0|-38128000.0|-0.85848738|212084000.0|629400000.0|14.17152635|182781000.0
2011-04-30|776251000.0|776251000.0|51766000.0|724485000.0|0.0|623899000.0|94101000.0|94101000.0|2535000.0|91566000.0|32692000.0|58874000.0|0.0|58874000.0|58874000.0|0.0|1.3|1.3|1.27|45205000.0|46280000.0|0.0|95634000.0|12671000.0|-81131000.0|-27889000.0|5949000.0|6039000.0|-777000.0|0.0|7171000.0|27623000.0|971680000.0|441597000.0|530083000.0|246856000.0|246856000.0|128859000.0|206241000.0|0.0|393343000.0|233866000.0|159477000.0|0.0|0.0|12504000.0|578857000.0|578857000.0|148494000.0|25660000.0|12.8051543|1.88824797|0.6795167|1.02378056|106772000.0|106772000.0|67745000.0|1.49861741|284717000.0|765439000.0|16.93261807|207731000.0
2012-04-30|826759000.0|826759000.0|55889000.0|770870000.0|0.0|673058000.0|84445000.0|84445000.0|1791000.0|82654000.0|28351000.0|54303000.0|0.0|54303000.0|54303000.0|0.0|1.17|1.17|1.15|46397000.0|47261000.0|0.0|70975000.0|14017000.0|-33027000.0|-18632000.0|2186000.0|366000.0|156000.0|0.0|-4985000.0|35149000.0|1014689000.0|500067000.0|514622000.0|282005000.0|282005000.0|126579000.0|196751000.0|0.0|385213000.0|221724000.0|163489000.0|0.0|0.0|14667000.0|629986000.0|629986000.0|202797000.0|7191000.0|13.57816238|2.25535801|0.61146279|1.01862189|98462000.0|98462000.0|52343000.0|1.12815484|314209000.0|817938000.0|17.62911395|278343000.0
2013-04-30|849701000.0|849701000.0|65847000.0|783854000.0|0.0|698117000.0|52295000.0|52295000.0|2365000.0|49930000.0|16637000.0|33293000.0|0.0|33293000.0|33293000.0|0.0|0.71|0.71|0.7|47224000.0|47883000.0|0.0|61707000.0|19004000.0|-116711000.0|-13101000.0|-410000.0|0.0|-704000.0|0.0|-2525000.0|-57939000.0|1115229000.0|447100000.0|668129000.0|224066000.0|224066000.0|161508000.0|315480000.0|0.0|450761000.0|268551000.0|182210000.0|0.0|0.0|19460000.0|664967000.0|664967000.0|236090000.0|-2631000.0|14.081124|1.66486068|0.67786973|1.01395477|71299000.0|71299000.0|48606000.0|1.02926478|307132000.0|799749000.0|16.93522362|178549000.0
2014-04-30|995559000.0|995559000.0|75168000.0|920391000.0|0.0|798929000.0|103546000.0|103546000.0|2363000.0|101183000.0|28492000.0|72691000.0|0.0|72691000.0|72691000.0|0.0|1.51|1.51|1.48|48162000.0|49145000.0|0.0|129482000.0|26172000.0|-23592000.0|-28559000.0|5575000.0|-388000.0|6556000.0|0.0|-1814000.0|109651000.0|1233666000.0|561954000.0|671712000.0|333717000.0|333717000.0|175986000.0|307142000.0|0.0|478130000.0|286933000.0|191197000.0|0.0|0.0|19375000.0|756024000.0|756024000.0|308781000.0|-2388000.0|15.69752087|1.95848508|0.63242701|1.02041028|129718000.0|129718000.0|100923000.0|2.09549022|305874000.0|926524000.0|19.23765624|275021000.0
2015-04-30|1066066000.0|1066066000.0|77606000.0|988460000.0|0.0|837367000.0|123667000.0|123667000.0|1784000.0|121883000.0|33526000.0|88357000.0|0.0|88357000.0|88357000.0|0.0|1.78|1.78|1.76|49052000.0|49766000.0|0.1|107276000.0|27597000.0|-30570000.0|-21860000.0|-7935000.0|-3301000.0|-1045000.0|-5105000.0|-21650000.0|47121000.0|1317801000.0|637158000.0|680643000.0|380838000.0|380838000.0|188543000.0|302341000.0|0.0|502552000.0|306010000.0|196542000.0|0.0|0.0|19238000.0|815249000.0|815249000.0|392033000.0|-40623000.0|16.62009704|2.08214764|0.61643989|1.01455598|151264000.0|151264000.0|85416000.0|1.74133573|328612000.0|1015460000.0|20.70170431|331148000.0
2016-04-30|1346714000.0|1346714000.0|114426000.0|1232288000.0|0.0|1110363000.0|49636000.0|49636000.0|-237000.0|49873000.0|18960000.0|30913000.0|0.0|30913000.0|30913000.0|0.0|0.58|0.58|0.58|52372000.0|52929000.0|0.4|64081000.0|36220000.0|-274578000.0|-26144000.0|118452000.0|138749000.0|-3372000.0|-21833000.0|-15541000.0|-107586000.0|1898600000.0|664274000.0|1234326000.0|273252000.0|273252000.0|315975000.0|823099000.0|0.0|851299000.0|476264000.0|375035000.0|140000000.0|140000000.0|26634000.0|1045300000.0|1045300000.0|401113000.0|-57911000.0|19.95913847|1.39476005|0.81440639|1.01063545|85856000.0|85856000.0|37937000.0|0.72437562|465985000.0|1075501000.0|20.53580157|188010000.0
