Date|REVENUE|REVENUEUSD|COR|GP|RND|SGNA|EBIT|EBITUSD|INTEXP|EBT|TAXEXP|NETINC|PREFDIVIS|NETINCCMN|NETINCCMNUSD|NETINCDIS|EPS|EPSUSD|EPSDIL|SHARESWA|SHARESWADIL|DPS|NCFO|DEPAMOR|NCFI|CAPEX|NCFF|NCFDEBT|NCFCOMMON|NCFDIV|NCFX|NCF|ASSETS|ASSETSC|ASSETSNC|CASHNEQ|CASHNEQUSD|RECEIVABLES|INTANGIBLES|INVENTORY|LIABILITIES|LIABILITIESC|LIABILITIESNC|DEBT|DEBTUSD|PAYABLES|EQUITY|EQUITYUSD|RETEARN|ACCOCI|BVPS|CURRENTRATIO|DE|DILUTIONRATIO|EBITDA|EBITDAUSD|FCF|FCFPS|INVCAP|TANGIBLES|TBVPS|WORKINGCAPITAL
2009-03-31|598580000.0|598580000.0|526604000.0|71976000.0|0.0|16901000.0|91103000.0|91103000.0|28920000.0|62183000.0|20419000.0|41764000.0|0.0|41764000.0|41764000.0|0.0|0.96|0.96|0.95|43486728.0|43879416.0|0.6|79385000.0|51232000.0|-12082000.0|-12082000.0|-68465000.0|-40000000.0|1321000.0|-30441000.0|0.0|-1162000.0|1066668000.0|175283000.0|891385000.0|17798000.0|17798000.0|44261000.0|152812000.0|107063000.0|638841000.0|64249000.0|574592000.0|355000000.0|355000000.0|19645000.0|427827000.0|427827000.0|422265000.0|-6040000.0|9.83810509|2.72818254|1.49322273|1.00903007|142335000.0|142335000.0|67303000.0|1.5476676|1186809000.0|913856000.0|21.01459553|111034000.0
2010-03-31|467905000.0|467905000.0|416032000.0|51873000.0|0.0|15886000.0|60757000.0|60757000.0|21460000.0|39297000.0|10347000.0|28950000.0|0.0|28950000.0|28950000.0|0.0|0.66|0.66|0.66|43684942.0|44038401.0|0.4|64566000.0|50781000.0|-13779000.0|-13779000.0|-67169000.0|-52000000.0|1541000.0|-17471000.0|0.0|-16382000.0|1013776000.0|161274000.0|852502000.0|1416000.0|1416000.0|49721000.0|152175000.0|105871000.0|562129000.0|71884000.0|490245000.0|303000000.0|303000000.0|27840000.0|451647000.0|451647000.0|440004000.0|-3518000.0|10.33873411|2.24353124|1.24462025|1.00809109|111538000.0|111538000.0|50787000.0|1.16257451|1091301000.0|861601000.0|19.72306613|89390000.0
2011-03-31|462180000.0|462180000.0|426603000.0|35577000.0|0.0|16667000.0|33282000.0|33282000.0|16520000.0|16762000.0|1913000.0|14849000.0|0.0|14849000.0|14849000.0|0.0|0.34|0.34|0.34|43891817.0|44251276.0|0.4|44083000.0|49212000.0|-16624000.0|-16624000.0|-27001000.0|-16000000.0|4849000.0|-17634000.0|0.0|458000.0|985810000.0|174626000.0|811184000.0|1874000.0|1874000.0|43855000.0|151539000.0|115237000.0|524296000.0|69526000.0|454770000.0|287000000.0|287000000.0|30339000.0|461514000.0|461514000.0|439104000.0|-2893000.0|10.51480735|2.5116647|1.13603488|1.00818966|82494000.0|82494000.0|27459000.0|0.62560636|1049871000.0|834271000.0|19.00743822|105100000.0
2012-03-31|495023000.0|495023000.0|454546000.0|40477000.0|0.0|19617000.0|38533000.0|38533000.0|16621000.0|21912000.0|3180000.0|18732000.0|0.0|18732000.0|18732000.0|0.0|0.42|0.42|0.42|44224924.0|44515981.0|0.3|60852000.0|50124000.0|-26099000.0|-26099000.0|-30146000.0|-20064000.0|7138000.0|-17876000.0|0.0|4607000.0|985145000.0|191841000.0|793304000.0|6481000.0|6481000.0|56197000.0|150902000.0|123606000.0|512634000.0|77043000.0|435591000.0|266936000.0|266936000.0|38747000.0|472511000.0|472511000.0|439882000.0|-5516000.0|10.68426935|2.49005101|1.08491443|1.00658129|88657000.0|88657000.0|34753000.0|0.78582385|1017655000.0|834243000.0|18.86363897|114798000.0
2013-03-31|642562000.0|642562000.0|539317000.0|103245000.0|0.0|23918000.0|99919000.0|99919000.0|15823000.0|84096000.0|26352000.0|57744000.0|0.0|57744000.0|57744000.0|0.0|1.24|1.24|1.22|46622646.0|47340450.0|0.4|124407000.0|56850000.0|-506431000.0|-53011000.0|379440000.0|220572000.0|174477000.0|-18533000.0|0.0|-2584000.0|1476233000.0|261271000.0|1214962000.0|3897000.0|3897000.0|87543000.0|162400000.0|156380000.0|780063000.0|100229000.0|679834000.0|489259000.0|489259000.0|58880000.0|696170000.0|696170000.0|478664000.0|-7042000.0|14.93201394|2.60674056|1.12050649|1.01539604|156769000.0|156769000.0|71396000.0|1.53135882|1698966000.0|1313833000.0|28.18014662|161042000.0
2014-03-31|898396000.0|898396000.0|712937000.0|185459000.0|0.0|24552000.0|200086000.0|200086000.0|18282000.0|181804000.0|57561000.0|124243000.0|0.0|124243000.0|124243000.0|0.0|2.53|2.53|2.49|49090750.0|49939165.0|0.4|170633000.0|70021000.0|-59490000.0|-59490000.0|-108558000.0|-108000000.0|14187000.0|-19899000.0|0.0|2585000.0|1511529000.0|306960000.0|1204569000.0|6482000.0|6482000.0|102917000.0|160690000.0|187096000.0|680030000.0|108820000.0|571210000.0|381259000.0|381259000.0|57098000.0|831499000.0|831499000.0|582957000.0|-5483000.0|16.93799748|2.820805|0.81783622|1.01728258|270107000.0|270107000.0|111143000.0|2.26403141|1616796000.0|1350839000.0|27.51717992|198140000.0
2015-03-31|1066368000.0|1066368000.0|812235000.0|254133000.0|0.0|30751000.0|264670000.0|264670000.0|11743000.0|252927000.0|66074000.0|186853000.0|0.0|186853000.0|186853000.0|0.0|3.77|3.77|3.71|49604249.0|50372243.0|0.4|234121000.0|76299000.0|-348744000.0|-111573000.0|115655000.0|129839000.0|4311000.0|-20072000.0|0.0|1032000.0|1880326000.0|364370000.0|1515956000.0|7514000.0|7514000.0|113577000.0|211167000.0|235464000.0|869733000.0|184576000.0|685157000.0|512759000.0|512759000.0|77749000.0|1010593000.0|1010593000.0|749717000.0|-12067000.0|20.3731136|1.97409197|0.86061649|1.01548242|340969000.0|340969000.0|122548000.0|2.47051417|1989828000.0|1669159000.0|33.6495166|179794000.0
2016-03-31|1143492000.0|1143492000.0|911875000.0|231617000.0|0.0|37193000.0|235835000.0|235835000.0|16583000.0|219252000.0|66660000.0|152592000.0|0.0|152592000.0|152592000.0|0.0|3.08|3.08|3.05|49471157.0|50070829.0|0.4|265767000.0|97105000.0|-121990000.0|-89563000.0|-145900000.0|-5045000.0|-120664000.0|-20020000.0|0.0|-2123000.0|1883635000.0|380003000.0|1503632000.0|5391000.0|5391000.0|120221000.0|165827000.0|243595000.0|843104000.0|120589000.0|722515000.0|507714000.0|507714000.0|66614000.0|1040531000.0|1040531000.0|882486000.0|-11409000.0|21.03308398|3.15122441|0.81026322|1.01212165|332940000.0|332940000.0|176204000.0|3.56175215|2099542000.0|1717808000.0|34.7234248|259414000.0
