Date|REVENUE|REVENUEUSD|COR|GP|RND|SGNA|EBIT|EBITUSD|INTEXP|EBT|TAXEXP|NETINC|PREFDIVIS|NETINCCMN|NETINCCMNUSD|NETINCDIS|EPS|EPSUSD|EPSDIL|SHARESWA|SHARESWADIL|DPS|NCFO|DEPAMOR|NCFI|CAPEX|NCFF|NCFDEBT|NCFCOMMON|NCFDIV|NCFX|NCF|ASSETS|ASSETSC|ASSETSNC|CASHNEQ|CASHNEQUSD|RECEIVABLES|INTANGIBLES|INVENTORY|LIABILITIES|LIABILITIESC|LIABILITIESNC|DEBT|DEBTUSD|PAYABLES|EQUITY|EQUITYUSD|RETEARN|ACCOCI|BVPS|CURRENTRATIO|DE|DILUTIONRATIO|EBITDA|EBITDAUSD|FCF|FCFPS|INVCAP|TANGIBLES|TBVPS|WORKINGCAPITAL
2009-06-30|110880000.0|110880000.0|20250000.0|90630000.0|23500000.0|24838000.0|27617000.0|27617000.0|0.0|27617000.0|11898000.0|15719000.0|0.0|15719000.0|15719000.0|0.0|1.39|1.39|0.57|11273000.0|27724000.0|0.0|23040000.0|2453000.0|-6994000.0|-6994000.0|68000.0|0.0|68000.0|0.0|164000.0|16278000.0|72210000.0|61991000.0|10219000.0|33128000.0|33128000.0|23938000.0|0.0|0.0|68834000.0|17092000.0|51742000.0|0.0|0.0|2115000.0|3376000.0|3376000.0|-529000.0|404000.0|0.29947663|3.62690147|20.38921801|2.4593276|30070000.0|30070000.0|16046000.0|1.42340105|21990000.0|72210000.0|6.40557083|44899000.0
2010-06-30|171162000.0|171162000.0|29481000.0|141681000.0|41556000.0|31715000.0|52153000.0|52153000.0|0.0|52153000.0|26593000.0|25560000.0|0.0|25560000.0|25560000.0|0.0|1.64|1.64|0.83|15569000.0|30833000.0|0.0|44450000.0|5098000.0|-9815000.0|-9815000.0|45104000.0|0.0|43867000.0|0.0|-5000.0|79734000.0|173720000.0|156451000.0|17269000.0|112862000.0|112862000.0|37322000.0|0.0|0.0|24683000.0|21573000.0|3110000.0|0.0|0.0|2507000.0|149037000.0|149037000.0|38909000.0|399000.0|9.57267647|7.25216706|0.16561659|1.98040979|57251000.0|57251000.0|34635000.0|2.22461301|39285000.0|173720000.0|11.15807052|134878000.0
2011-06-30|199118000.0|199118000.0|38150000.0|160968000.0|52617000.0|36345000.0|71166000.0|71166000.0|0.0|71166000.0|28592000.0|42574000.0|0.0|42574000.0|42574000.0|0.0|1.01|1.01|0.94|41975000.0|45086000.0|0.0|106680000.0|7709000.0|-187698000.0|-6132000.0|-7735000.0|0.0|-9401000.0|0.0|-56000.0|-88809000.0|261177000.0|247176000.0|14001000.0|24053000.0|24053000.0|30711000.0|0.0|0.0|72711000.0|68574000.0|4137000.0|0.0|0.0|3176000.0|188466000.0|188466000.0|72823000.0|537000.0|4.48995831|3.60451483|0.38580434|1.07411554|78875000.0|78875000.0|100548000.0|2.39542585|168550000.0|261177000.0|6.22220369|178602000.0
2012-06-30|205522000.0|205522000.0|44448000.0|161074000.0|65764000.0|51429000.0|45967000.0|45967000.0|0.0|45967000.0|13559000.0|32408000.0|0.0|32408000.0|32408000.0|0.0|0.78|0.78|0.74|41406000.0|43944000.0|0.0|29307000.0|8171000.0|-36713000.0|-15876000.0|-9640000.0|0.0|-10437000.0|0.0|-87000.0|-17133000.0|264779000.0|240506000.0|24273000.0|6920000.0|6920000.0|25316000.0|0.0|0.0|48261000.0|35529000.0|12732000.0|0.0|0.0|3059000.0|216518000.0|216518000.0|97251000.0|370000.0|5.22914553|6.76928706|0.22289602|1.06129546|54138000.0|54138000.0|13431000.0|0.32437328|222330000.0|264779000.0|6.39470125|204977000.0
2013-06-30|191800000.0|191800000.0|69113000.0|122687000.0|60349000.0|55200000.0|14160000.0|14160000.0|0.0|14160000.0|1093000.0|13067000.0|0.0|13067000.0|13067000.0|-7486000.0|0.32|0.32|0.31|40310000.0|41919000.0|0.0|42913000.0|8408000.0|-185000.0|-3196000.0|-23874000.0|0.0|-23518000.0|0.0|13000.0|18867000.0|273669000.0|234526000.0|39143000.0|28455000.0|28455000.0|28193000.0|18805000.0|0.0|59205000.0|44141000.0|15064000.0|0.0|0.0|1604000.0|214464000.0|214464000.0|95858000.0|373000.0|5.32036715|5.31311026|0.27606032|1.03991565|22568000.0|22568000.0|39717000.0|0.98528901|182268000.0|254864000.0|6.32259985|190385000.0
2014-06-30|150313000.0|150313000.0|60841000.0|89472000.0|60573000.0|59314000.0|-33539000.0|-33539000.0|0.0|-33539000.0|-4015000.0|-29524000.0|0.0|-29524000.0|-29524000.0|0.0|-0.76|-0.76|-0.76|38796000.0|38796000.0|0.0|-22553000.0|6759000.0|20132000.0|-1053000.0|-8883000.0|0.0|-7003000.0|0.0|51000.0|-11253000.0|239841000.0|185813000.0|54028000.0|20529000.0|20529000.0|25762000.0|40733000.0|0.0|47436000.0|32575000.0|14861000.0|0.0|0.0|502000.0|192405000.0|192405000.0|62511000.0|576000.0|4.95940303|5.70415963|0.24654245|1.0|-26780000.0|-26780000.0|-23606000.0|-0.60846479|146004000.0|199108000.0|5.13217858|153238000.0
2015-06-30|160239000.0|160239000.0|78784000.0|81455000.0|68060000.0|50581000.0|-36069000.0|-36069000.0|0.0|-36069000.0|-13006000.0|-23063000.0|0.0|-23063000.0|-23063000.0|0.0|-0.58|-0.58|-0.58|39991000.0|39991000.0|0.0|-7696000.0|5239000.0|16052000.0|-1208000.0|-2471000.0|0.0|632000.0|0.0|-1698000.0|4187000.0|223922000.0|171982000.0|51940000.0|23599000.0|23599000.0|36493000.0|37528000.0|0.0|47739000.0|33567000.0|14172000.0|0.0|0.0|830000.0|176183000.0|176183000.0|37276000.0|-1540000.0|4.40556625|5.12354396|0.27096258|1.0|-30830000.0|-30830000.0|-8904000.0|-0.2226501|129228000.0|186394000.0|4.6608987|138415000.0
2016-06-30|183346000.0|183346000.0|100797000.0|82549000.0|68911000.0|49581000.0|-34810000.0|-34810000.0|0.0|-34810000.0|511000.0|-35321000.0|0.0|-35321000.0|-35321000.0|0.0|-0.85|-0.85|-0.85|41567000.0|41567000.0|0.0|-3098000.0|3362000.0|8553000.0|-4004000.0|-2316000.0|0.0|979000.0|0.0|-511000.0|2628000.0|218247000.0|163870000.0|54377000.0|26458000.0|26458000.0|42216000.0|35993000.0|0.0|68562000.0|45688000.0|22874000.0|0.0|0.0|4992000.0|149685000.0|149685000.0|1634000.0|-1767000.0|3.60105372|3.58671861|0.45804189|1.0|-31448000.0|-31448000.0|-7102000.0|-0.17085669|110108000.0|182254000.0|4.38458392|118182000.0
