Date|REVENUE|REVENUEUSD|COR|GP|RND|SGNA|EBIT|EBITUSD|INTEXP|EBT|TAXEXP|NETINC|PREFDIVIS|NETINCCMN|NETINCCMNUSD|NETINCDIS|EPS|EPSUSD|EPSDIL|SHARESWA|SHARESWADIL|DPS|NCFO|DEPAMOR|NCFI|CAPEX|NCFF|NCFDEBT|NCFCOMMON|NCFDIV|NCFX|NCF|ASSETS|ASSETSC|ASSETSNC|CASHNEQ|CASHNEQUSD|RECEIVABLES|INTANGIBLES|INVENTORY|LIABILITIES|LIABILITIESC|LIABILITIESNC|DEBT|DEBTUSD|PAYABLES|EQUITY|EQUITYUSD|RETEARN|ACCOCI|BVPS|CURRENTRATIO|DE|DILUTIONRATIO|EBITDA|EBITDAUSD|FCF|FCFPS|INVCAP|TANGIBLES|TBVPS|WORKINGCAPITAL
2009-03-31|1276573000.0|1276573000.0|975186000.0|301387000.0|0.0|169960000.0|94810000.0|94810000.0|32596000.0|62214000.0|24710000.0|37504000.0|0.0|37504000.0|37504000.0|0.0|0.48|0.48|0.48|78274336.0||0.12|268841000.0|198684000.0|-65379000.0|-47688000.0|-86940000.0|-86772000.0|9110000.0|-9312000.0|-2017000.0|114505000.0|1366792000.0|458522000.0|908270000.0|177166000.0|177166000.0|184814000.0|573083000.0|0.0|863378000.0|254554000.0|608824000.0|578239000.0|578239000.0|27701000.0|507670000.0|507670000.0|437694000.0|-6238000.0|6.48577843|1.80127596|1.70066776||293494000.0|293494000.0|221153000.0|2.82535773|940228000.0|793709000.0|10.14009241|203968000.0
2010-03-31|1063598000.0|1063598000.0|808812000.0|254786000.0|0.0|158188000.0|99089000.0|99089000.0|22480000.0|76609000.0|32060000.0|44549000.0|0.0|44549000.0|44549000.0|0.0|0.56|0.56|0.55|79147630.0||0.0|239282000.0|167564000.0|-89343000.0|-66165000.0|-103692000.0|-104521000.0|5619000.0|0.0|691000.0|46938000.0|1363420000.0|458705000.0|904715000.0|224104000.0|224104000.0|168522000.0|560462000.0|0.0|784923000.0|255056000.0|529867000.0|500735000.0|500735000.0|42774000.0|574400000.0|574400000.0|482243000.0|4167000.0|7.25732407|1.79844818|1.3665094||266653000.0|266653000.0|173117000.0|2.18726701|824533000.0|802958000.0|10.14506688|203649000.0
2011-03-31|1113755000.0|1113755000.0|848411000.0|265344000.0|0.0|155893000.0|32402000.0|32402000.0|23823000.0|8579000.0|31726000.0|-23147000.0|0.0|-23147000.0|-23147000.0|0.0|-0.36|-0.36|-0.36|80346320.0||0.0|166219000.0|146355000.0|-90773000.0|-63576000.0|-92617000.0|-102101000.0|9320000.0|0.0|90000.0|-17081000.0|1306625000.0|480276000.0|826349000.0|206973000.0|206973000.0|171252000.0|462491000.0|0.0|715592000.0|229494000.0|486098000.0|422238000.0|422238000.0|27530000.0|585178000.0|585178000.0|459096000.0|15991000.0|7.28319604|2.0927606|1.2228621||178757000.0|178757000.0|102643000.0|1.27750717|829905000.0|844134000.0|10.50619369|250782000.0
2012-03-31|1130624000.0|1130624000.0|857479000.0|273145000.0|0.0|157141000.0|123840000.0|123840000.0|17448000.0|106392000.0|29129000.0|77263000.0|0.0|77263000.0|77263000.0|-33899000.0|0.9|0.9|0.89|78188034.0||0.0|229451000.0|134662000.0|3375000.0|-56853000.0|-209842000.0|-154876000.0|-53330000.0|0.0|-309000.0|22675000.0|1232777000.0|472005000.0|760772000.0|229648000.0|229648000.0|169446000.0|420790000.0|0.0|620922000.0|256401000.0|364521000.0|278222000.0|278222000.0|31030000.0|611747000.0|611747000.0|536359000.0|13601000.0|7.82404888|1.84088596|1.01499803||258502000.0|258502000.0|172598000.0|2.20747333|604160000.0|811987000.0|10.38505457|215604000.0
2013-03-31|1068158000.0|1068158000.0|811401000.0|256757000.0|0.0|153990000.0|102950000.0|102950000.0|12694000.0|90256000.0|32649000.0|57607000.0|0.0|57607000.0|57607000.0|-1294000.0|0.76|0.76|0.75|73827393.0||0.0|147380000.0|115636000.0|-66621000.0|-58051000.0|-89223000.0|-26871000.0|-62421000.0|0.0|-643000.0|-6031000.0|1187706000.0|461096000.0|726610000.0|222974000.0|222974000.0|159882000.0|429204000.0|0.0|568338000.0|224576000.0|343762000.0|253505000.0|253505000.0|35786000.0|619748000.0|619748000.0|593966000.0|11423000.0|8.3945535|2.05318467|0.91704693||218586000.0|218586000.0|89329000.0|1.20997094|564457000.0|758502000.0|10.27399139|236520000.0
2014-03-31|805153000.0|805153000.0|505517000.0|299636000.0|0.0|193151000.0|29574000.0|29574000.0|8671000.0|20903000.0|12040000.0|8863000.0|0.0|8863000.0|8863000.0|-26143000.0|0.12|0.12|0.12|76379196.0||0.0|95786000.0|56900000.0|-54890000.0|-50468000.0|103001000.0|68849000.0|27827000.0|0.0|616000.0|194996000.0|1323301000.0|665525000.0|657776000.0|418586000.0|418586000.0|160718000.0|416393000.0|0.0|640444000.0|249469000.0|390975000.0|317610000.0|317610000.0|36179000.0|682857000.0|682857000.0|602829000.0|13662000.0|8.94035334|2.66776634|0.9378889||86474000.0|86474000.0|45318000.0|0.5933291|556463000.0|906908000.0|11.87375683|416056000.0
2015-03-31|804911000.0|804911000.0|494037000.0|310874000.0|0.0|246757000.0|-18164000.0|-18164000.0|7672000.0|-25836000.0|-14805000.0|-11031000.0|0.0|-11031000.0|-11031000.0|-15511000.0|-0.14|-0.14|-0.14|77276038.0||0.0|61131000.0|80447000.0|-343082000.0|-75539000.0|-26785000.0|-26601000.0|-4829000.0|0.0|-1619000.0|-275957000.0|1294087000.0|511404000.0|782683000.0|172010000.0|172010000.0|126896000.0|575875000.0|0.0|590830000.0|283792000.0|307038000.0|276985000.0|276985000.0|30094000.0|703257000.0|703257000.0|591798000.0|9413000.0|9.10058303|1.80203811|0.84013383||62283000.0|62283000.0|-14408000.0|-0.18644848|539395000.0|718212000.0|9.29411003|227612000.0
2016-03-31|850088000.0|850088000.0|488382000.0|361706000.0|74247000.0|281561000.0|2740000.0|2740000.0|7669000.0|-4929000.0|-11632000.0|6703000.0|0.0|6703000.0|6703000.0|-15351000.0|0.09|0.09|0.09|77724143.0||0.0|113642000.0|85463000.0|-69242000.0|-62303000.0|-126027000.0|-87231000.0|-42347000.0|0.0|-377000.0|48996000.0|1149849000.0|376010000.0|773839000.0|189629000.0|189629000.0|138650000.0|558596000.0|0.0|450881000.0|224000000.0|226881000.0|190140000.0|190140000.0|37717000.0|698968000.0|698968000.0|598501000.0|8590000.0|8.99293287|1.67861607|0.64506673||88203000.0|88203000.0|51339000.0|0.66052835|367764000.0|591253000.0|7.60707005|152010000.0
