Date|REVENUE|REVENUEUSD|COR|GP|RND|SGNA|EBIT|EBITUSD|INTEXP|EBT|TAXEXP|NETINC|PREFDIVIS|NETINCCMN|NETINCCMNUSD|NETINCDIS|EPS|EPSUSD|EPSDIL|SHARESWA|SHARESWADIL|DPS|NCFO|DEPAMOR|NCFI|CAPEX|NCFF|NCFDEBT|NCFCOMMON|NCFDIV|NCFX|NCF|ASSETS|ASSETSC|ASSETSNC|CASHNEQ|CASHNEQUSD|RECEIVABLES|INTANGIBLES|INVENTORY|LIABILITIES|LIABILITIESC|LIABILITIESNC|DEBT|DEBTUSD|PAYABLES|EQUITY|EQUITYUSD|RETEARN|ACCOCI|BVPS|CURRENTRATIO|DE|DILUTIONRATIO|EBITDA|EBITDAUSD|FCF|FCFPS|INVCAP|TANGIBLES|TBVPS|WORKINGCAPITAL
2009-07-31|743082000.0|743082000.0|430822000.0|312260000.0|0.0|86935000.0|229563000.0|229563000.0|274000.0|229289000.0|88186000.0|141103000.0|0.0|141103000.0|141103000.0|-1557000.0|0.84|0.84|0.83|167074000.0|169860000.0|0.0|203339000.0|41354000.0|-59904000.0|-71904000.0|-17640000.0|-17502000.0|-4708000.0|0.0|-2058000.0|123737000.0|1058032000.0|315933000.0|742099000.0|162691000.0|162691000.0|109248000.0|181539000.0|4667000.0|136573000.0|103584000.0|32989000.0|0.0|0.0|82773000.0|921459000.0|921459000.0|614101000.0|-27082000.0|5.51527467|3.05001738|0.14821387|1.01667525|270917000.0|270917000.0|131435000.0|0.78668734|610218000.0|876493000.0|5.24613644|212349000.0
2010-07-31|772879000.0|772879000.0|424885000.0|347994000.0|0.0|108924000.0|239711000.0|239711000.0|216000.0|239495000.0|87868000.0|151627000.0|0.0|151627000.0|151627000.0|0.0|0.9|0.9|0.89|168330000.0|170054000.0|0.0|199407000.0|43242000.0|-96025000.0|-73363000.0|1266000.0|0.0|-4377000.0|0.0|849000.0|105497000.0|1228812000.0|437415000.0|791397000.0|268188000.0|268188000.0|109061000.0|188886000.0|4976000.0|141578000.0|107224000.0|34354000.0|0.0|0.0|93740000.0|1087234000.0|1087234000.0|754468000.0|-32741000.0|6.45894374|4.0794505|0.13021852|1.01024179|282953000.0|282953000.0|126044000.0|0.74879107|664514000.0|1039926000.0|6.17790055|330191000.0
2011-07-31|872246000.0|872246000.0|499351000.0|372895000.0|0.0|107605000.0|267955000.0|267955000.0|4078000.0|263877000.0|97502000.0|166375000.0|0.0|166375000.0|166375000.0|0.0|1.1|1.1|1.08|151298000.0|153352000.0|0.0|242932000.0|45694000.0|-84480000.0|-49568000.0|-354075000.0|375000000.0|-730599000.0|0.0|1444000.0|-194179000.0|1084436000.0|241868000.0|842568000.0|74009000.0|74009000.0|122859000.0|211368000.0|8016000.0|529264000.0|166626000.0|362638000.0|375756000.0|375756000.0|101708000.0|555172000.0|555172000.0|264457000.0|-23225000.0|3.66939418|1.45156218|0.95333338|1.01357586|313649000.0|313649000.0|193364000.0|1.27803408|1008189000.0|873068000.0|5.77051911|75242000.0
2012-07-31|924191000.0|924191000.0|514575000.0|409616000.0|0.0|114492000.0|289397000.0|289397000.0|11341000.0|278056000.0|95937000.0|182119000.0|0.0|182119000.0|182119000.0|0.0|1.42|1.42|1.39|128120000.0|131428000.0|0.0|229673000.0|48167000.0|-48087000.0|-53564000.0|-114873000.0|68750000.0|-187677000.0|0.0|-610000.0|66103000.0|1154000000.0|321227000.0|832773000.0|140112000.0|140112000.0|137900000.0|204423000.0|8494000.0|592883000.0|186319000.0|406564000.0|444120000.0|444120000.0|102677000.0|561117000.0|561117000.0|272961000.0|-38043000.0|4.37962067|1.72407001|1.05661208|1.02581954|337564000.0|337564000.0|176109000.0|1.37456291|1067266000.0|949577000.0|7.41162192|134908000.0
2013-07-31|1046386000.0|1046386000.0|625464000.0|420922000.0|0.0|137930000.0|287139000.0|287139000.0|10267000.0|276872000.0|96847000.0|180025000.0|0.0|180025000.0|180025000.0|0.0|1.44|1.44|1.39|124912000.0|129781000.0|0.0|199326000.0|56728000.0|-208021000.0|-127188000.0|-65891000.0|-80369000.0|8381000.0|0.0|-1895000.0|-76481000.0|1334481000.0|306452000.0|1028029000.0|63631000.0|63631000.0|182714000.0|285169000.0|10736000.0|572080000.0|238559000.0|333521000.0|388748000.0|388748000.0|136648000.0|762401000.0|762401000.0|440780000.0|-47161000.0|6.10350487|1.28459626|0.75036628|1.03897944|343867000.0|343867000.0|72138000.0|0.57751057|1135870000.0|1049312000.0|8.40040989|67893000.0
2014-07-31|1163489000.0|1163489000.0|694916000.0|468573000.0|0.0|164535000.0|278803000.0|278803000.0|8768000.0|270035000.0|91348000.0|178687000.0|0.0|178687000.0|178687000.0|0.0|1.42|1.42|1.36|125693000.0|131230000.0|0.0|262594000.0|53726000.0|-92103000.0|-78661000.0|-76823000.0|-91291000.0|12179000.0|0.0|1369000.0|95037000.0|1506804000.0|412291000.0|1094513000.0|158668000.0|158668000.0|196985000.0|309022000.0|7259000.0|503305000.0|244284000.0|259021000.0|302901000.0|302901000.0|152156000.0|1003499000.0|1003499000.0|619004000.0|-20060000.0|7.9837302|1.68775278|0.50155008|1.04405178|332529000.0|332529000.0|183933000.0|1.46335118|1097731000.0|1197782000.0|9.52942487|168007000.0
2015-07-31|1146079000.0|1146079000.0|662703000.0|483376000.0|0.0|138975000.0|350190000.0|350190000.0|18121000.0|332069000.0|112286000.0|219783000.0|0.0|219783000.0|219783000.0|0.0|1.75|1.75|1.67|125914000.0|131425000.0|0.0|265076000.0|48893000.0|-81915000.0|-77632000.0|120362000.0|348939000.0|-230593000.0|0.0|-6179000.0|297344000.0|1798660000.0|734582000.0|1064078000.0|456012000.0|456012000.0|215696000.0|289707000.0|8613000.0|834196000.0|213126000.0|621070000.0|644514000.0|644514000.0|147452000.0|964464000.0|964464000.0|625437000.0|-68793000.0|7.65970424|3.44670289|0.86493223|1.04376797|399083000.0|399083000.0|187444000.0|1.48866687|1484329000.0|1508953000.0|11.98399701|521456000.0
2016-07-31|1268449000.0|1268449000.0|723863000.0|544586000.0|0.0|138116000.0|419471000.0|419471000.0|23606000.0|395865000.0|125505000.0|270360000.0|0.0|270360000.0|270360000.0|0.0|2.36|2.36|2.21|114423000.0|122147000.0|0.0|332498000.0|49643000.0|-172876000.0|-173355000.0|-448496000.0|-6032000.0|-441285000.0|0.0|-11289000.0|-300163000.0|1649820000.0|499306000.0|1150514000.0|155849000.0|155849000.0|266270000.0|271959000.0|10388000.0|875364000.0|278783000.0|596581000.0|640492000.0|640492000.0|192379000.0|774456000.0|774456000.0|491194000.0|-109194000.0|6.76835951|1.79102026|1.13029533|1.06750391|469114000.0|469114000.0|159143000.0|1.39083051|1583721000.0|1377861000.0|12.04181852|220523000.0
