Date|REVENUE|REVENUEUSD|COR|GP|RND|SGNA|EBIT|EBITUSD|INTEXP|EBT|TAXEXP|NETINC|PREFDIVIS|NETINCCMN|NETINCCMNUSD|NETINCDIS|EPS|EPSUSD|EPSDIL|SHARESWA|SHARESWADIL|DPS|NCFO|DEPAMOR|NCFI|CAPEX|NCFF|NCFDEBT|NCFCOMMON|NCFDIV|NCFX|NCF|ASSETS|ASSETSC|ASSETSNC|CASHNEQ|CASHNEQUSD|RECEIVABLES|INTANGIBLES|INVENTORY|LIABILITIES|LIABILITIESC|LIABILITIESNC|DEBT|DEBTUSD|PAYABLES|EQUITY|EQUITYUSD|RETEARN|ACCOCI|BVPS|CURRENTRATIO|DE|DILUTIONRATIO|EBITDA|EBITDAUSD|FCF|FCFPS|INVCAP|TANGIBLES|TBVPS|WORKINGCAPITAL
2009-09-30|2051543000.0|2051543000.0|1398416000.0|653127000.0|0.0|0.0|240356000.0|240356000.0|86789000.0|153567000.0|52859000.0|100708000.0|0.0|100708000.0|100708000.0|2776000.0|1.26|1.26|1.25|79649965.0|80628685.0|1.33|611818000.0|173410000.0|-347729000.0|-309990000.0|77725000.0|147780000.0|28176000.0|-104158000.0|0.0|341814000.0|4769129000.0|776970000.0|3992159000.0|410053000.0|410053000.0|163350000.0|27012000.0|80382000.0|3179893000.0|||1249000000.0|1249000000.0|223468000.0|1589236000.0|1589236000.0|948293000.0|-42396000.0|19.95275202||2.00089414|1.01228776|413766000.0|413766000.0|301828000.0|3.78943042|5581064000.0|4742117000.0|59.53696276|
2010-09-30|1760503000.0|1760503000.0|1053001000.0|707502000.0|0.0|0.0|457086000.0|457086000.0|93946000.0|363140000.0|137227000.0|225913000.0|0.0|225913000.0|225913000.0|-6780000.0|2.78|2.78|2.73|81380434.0|82660598.0|1.36|447032000.0|191809000.0|-389582000.0|-389331000.0|-70332000.0|0.0|26057000.0|-109596000.0|0.0|-12882000.0|5105625000.0|775377000.0|4330248000.0|397171000.0|397171000.0|153056000.0|5476000.0|73571000.0|3359654000.0|||1249000000.0|1249000000.0|156102000.0|1745971000.0|1745971000.0|1063262000.0|-44985000.0|21.45443216||1.92423242|1.01573061|648895000.0|648895000.0|57701000.0|0.70902792|5951978000.0|5100149000.0|62.67045713|
2011-09-30|1778842000.0|1778842000.0|1029251000.0|749591000.0|0.0|0.0|500904000.0|500904000.0|78121000.0|422783000.0|164381000.0|258402000.0|0.0|258402000.0|258402000.0|0.0|3.13|3.13|3.09|82514015.0|83670802.0|1.41|653952000.0|226527000.0|-694320000.0|-750777000.0|-276375000.0|-160000000.0|-592000.0|-114559000.0|0.0|-316743000.0|5221084000.0|411901000.0|4809183000.0|80428000.0|80428000.0|149169000.0|5476000.0|82257000.0|3329199000.0|||1089000000.0|1089000000.0|171627000.0|1891885000.0|1891885000.0|1206022000.0|-47699000.0|22.92804441||1.75972588|1.01401928|727431000.0|727431000.0|-96825000.0|-1.17343702|6224180000.0|5215608000.0|63.20875308|
2012-09-30|1626853000.0|1626853000.0|816986000.0|809867000.0|0.0|0.0|456871000.0|456871000.0|86240000.0|370631000.0|150554000.0|220077000.0|0.0|220077000.0|220077000.0|0.0|2.65|2.65|2.63|83127844.0|83739771.0|1.44|659010000.0|271530000.0|-1034561000.0|-1035007000.0|369617000.0|477085000.0|10345000.0|-118798000.0|0.0|-5934000.0|5935142000.0|355576000.0|5579566000.0|74494000.0|74494000.0|135470000.0|5476000.0|78372000.0|3975047000.0|||1570000000.0|1570000000.0|138365000.0|1960095000.0|1960095000.0|1306284000.0|-99020000.0|23.57928349||2.02798691|1.00736128|728401000.0|728401000.0|-375997000.0|-4.52311743|7425172000.0|5929666000.0|71.3318873|
2013-09-30|1829551000.0|1829551000.0|902522000.0|927029000.0|0.0|0.0|526870000.0|526870000.0|94111000.0|432759000.0|172758000.0|260001000.0|0.0|260001000.0|260001000.0|0.0|3.11|3.11|3.08|83518857.0|84341220.0|1.48|738572000.0|326760000.0|-705983000.0|-703461000.0|-42225000.0|74415000.0|5395000.0|-122710000.0|0.0|-9636000.0|6218347000.0|448677000.0|5769670000.0|64858000.0|64858000.0|152665000.0|5476000.0|81388000.0|4023618000.0|||1649000000.0|1649000000.0|149484000.0|2194729000.0|2194729000.0|1442617000.0|-19234000.0|26.27824516||1.83330972|1.00984644|853630000.0|853630000.0|35111000.0|0.42039608|7797013000.0|6212871000.0|74.38884131|
2014-09-30|2113081000.0|2113081000.0|1068916000.0|1044165000.0|0.0|0.0|583304000.0|583304000.0|94277000.0|489027000.0|189614000.0|299413000.0|0.0|299413000.0|299413000.0|0.0|3.57|3.57|3.52|83929989.0|84952347.0|1.53|909390000.0|383781000.0|-908435000.0|-914417000.0|-28927000.0|85600000.0|7474000.0|-126642000.0|0.0|-27972000.0|6728040000.0|377332000.0|6350708000.0|36886000.0|36886000.0|175398000.0|5476000.0|67239000.0|4317357000.0|||1723043000.0|1723043000.0|202819000.0|2410683000.0|2410683000.0|1614361000.0|-3979000.0|28.72254636||1.79092689|1.01218108|967085000.0|967085000.0|-5027000.0|-0.05989516|8408721000.0|6722564000.0|80.09728203|
2015-09-30|1760913000.0|1760913000.0|819987000.0|940926000.0|0.0|0.0|-599092000.0|-599092000.0|99471000.0|-698563000.0|-319136000.0|-379427000.0|0.0|-379427000.0|-379427000.0|0.0|-4.5|-4.5|-4.5|84387755.0|84387755.0|1.56|853580000.0|336158000.0|-1024790000.0|-1018179000.0|247920000.0|359035000.0|10540000.0|-130719000.0|0.0|76710000.0|6564939000.0|375801000.0|6189138000.0|113596000.0|113596000.0|125750000.0|5476000.0|64666000.0|4539499000.0|||2084009000.0|2084009000.0|270581000.0|2025440000.0|2025440000.0|1103200000.0|93372000.0|24.00158649||2.24124092|1.0|-262934000.0|-262934000.0|-164599000.0|-1.9505081|8529876000.0|6559463000.0|77.73003323|
2016-09-30|1452416000.0|1452416000.0|589496000.0|862920000.0|0.0|0.0|-402463000.0|-402463000.0|121044000.0|-523507000.0|-232549000.0|-290958000.0|0.0|-290958000.0|-290958000.0|0.0|-3.43|-3.43|-3.43|84847993.0|84847993.0|1.6|588979000.0|249417000.0|-453496000.0|-444260000.0|-119107000.0|0.0|13849000.0|-134824000.0|0.0|16376000.0|5636387000.0|413031000.0|5223356000.0|129972000.0|129972000.0|151583000.0|5476000.0|68198000.0|4109383000.0|||2086252000.0|2086252000.0|162066000.0|1527004000.0|1527004000.0|676361000.0|-5640000.0|17.99693718||2.69114095|1.0|-153046000.0|-153046000.0|144719000.0|1.70562667|7587191000.0|5630911000.0|66.36469292|
