Date|REVENUE|REVENUEUSD|COR|GP|RND|SGNA|EBIT|EBITUSD|INTEXP|EBT|TAXEXP|NETINC|PREFDIVIS|NETINCCMN|NETINCCMNUSD|NETINCDIS|EPS|EPSUSD|EPSDIL|SHARESWA|SHARESWADIL|DPS|NCFO|DEPAMOR|NCFI|CAPEX|NCFF|NCFDEBT|NCFCOMMON|NCFDIV|NCFX|NCF|ASSETS|ASSETSC|ASSETSNC|CASHNEQ|CASHNEQUSD|RECEIVABLES|INTANGIBLES|INVENTORY|LIABILITIES|LIABILITIESC|LIABILITIESNC|DEBT|DEBTUSD|PAYABLES|EQUITY|EQUITYUSD|RETEARN|ACCOCI|BVPS|CURRENTRATIO|DE|DILUTIONRATIO|EBITDA|EBITDAUSD|FCF|FCFPS|INVCAP|TANGIBLES|TBVPS|WORKINGCAPITAL
2009-07-31|190720000.0|190720000.0|126553000.0|64167000.0|0.0|43318000.0|20495000.0|20495000.0|3032000.0|17463000.0|7248000.0|10215000.0|0.0|10215000.0|10215000.0|21000.0|0.92|0.92|0.91|11085000.0|11230000.0|0.08|26502000.0|6168000.0|-6268000.0|-3009000.0|-15442000.0|-14724000.0|119000.0|-887000.0|-223000.0|4569000.0|143508000.0|60775000.0|82733000.0|7487000.0|7487000.0|23102000.0|23927000.0|28163000.0|72531000.0|31051000.0|41480000.0|46292000.0|46292000.0|16606000.0|70977000.0|70977000.0|49246000.0|-1464000.0|6.402977|1.95726386|1.02189442|1.01308074|26663000.0|26663000.0|23493000.0|2.11935047|127335000.0|119581000.0|10.78764096|29724000.0
2010-07-31|197997000.0|197997000.0|131274000.0|66723000.0|0.0|39992000.0|26678000.0|26678000.0|2252000.0|24426000.0|9096000.0|15330000.0|0.0|15330000.0|15330000.0|-153000.0|1.37|1.37|1.34|11183000.0|11422000.0|0.08|14948000.0|6711000.0|-29677000.0|-2998000.0|12616000.0|13042000.0|138000.0|-894000.0|-333000.0|-2446000.0|176021000.0|79462000.0|96559000.0|4917000.0|4917000.0|33078000.0|24312000.0|39102000.0|91243000.0|36074000.0|55169000.0|59333000.0|59333000.0|20899000.0|84778000.0|84778000.0|63682000.0|-3335000.0|7.58097112|2.2027499|1.07625799|1.02137172|33389000.0|33389000.0|11950000.0|1.06858625|170051000.0|151709000.0|13.56603774|43388000.0
2011-07-31|255596000.0|255596000.0|187536000.0|68060000.0|0.0|51038000.0|17125000.0|17125000.0|2335000.0|14790000.0|5061000.0|9729000.0|0.0|9729000.0|9729000.0|-311000.0|0.86|0.86|0.85|11309000.0|11489000.0|0.09|12713000.0|7354000.0|-8007000.0|-8208000.0|-7823000.0|-7202000.0|200000.0|-1017000.0|215000.0|-2902000.0|185378000.0|86006000.0|99372000.0|1826000.0|1826000.0|39558000.0|23271000.0|41770000.0|88848000.0|40782000.0|48066000.0|52131000.0|52131000.0|24899000.0|96530000.0|96530000.0|72394000.0|-1233000.0|8.53567955|2.1089206|0.92041852|1.01591653|24479000.0|24479000.0|4505000.0|0.39835529|171630000.0|162107000.0|14.33433549|45224000.0
2012-07-31|272700000.0|272700000.0|195635000.0|77065000.0|0.0|51628000.0|24678000.0|24678000.0|2099000.0|22579000.0|8754000.0|13825000.0|0.0|13825000.0|13825000.0|490000.0|1.22|1.22|1.2|11363000.0|11528000.0|0.11|25249000.0|7018000.0|4043000.0|-5160000.0|-29275000.0|-28131000.0|64000.0|-1249000.0|-210000.0|-193000.0|167690000.0|75661000.0|92029000.0|2633000.0|2633000.0|29893000.0|18758000.0|40661000.0|60923000.0|28677000.0|32246000.0|24000000.0|24000000.0|21855000.0|106767000.0|106767000.0|84970000.0|-4339000.0|9.39602218|2.63838616|0.57061639|1.01452081|31696000.0|31696000.0|20089000.0|1.767931|141622000.0|148932000.0|13.10674998|46984000.0
2013-07-31|263311000.0|263311000.0|186841000.0|76470000.0|0.0|59290000.0|16834000.0|16834000.0|1771000.0|15063000.0|5715000.0|9348000.0|0.0|9348000.0|9348000.0|138000.0|0.81|0.81|0.81|11487000.0|11578000.0|0.12|20272000.0|8295000.0|-68113000.0|-5505000.0|59992000.0|61000000.0|70000.0|-1378000.0|165000.0|12316000.0|262015000.0|118836000.0|143179000.0|14949000.0|14949000.0|46145000.0|40190000.0|53387000.0|144775000.0|45843000.0|98932000.0|85000000.0|85000000.0|35492000.0|117240000.0|117240000.0|92940000.0|-2504000.0|10.20632019|2.59223873|1.23486012|1.007922|25129000.0|25129000.0|14767000.0|1.28554018|246033000.0|221825000.0|19.31096022|72993000.0
2014-07-31|353406000.0|353406000.0|249907000.0|103499000.0|0.0|88672000.0|3120000.0|3120000.0|2854000.0|266000.0|1254000.0|-988000.0|0.0|-988000.0|-988000.0|0.0|-0.09|-0.09|-0.09|11615000.0|11615000.0|0.12|40358000.0|18327000.0|-9274000.0|-9423000.0|-26065000.0|-25000000.0|0.0|-1393000.0|284000.0|5303000.0|250858000.0|111653000.0|139205000.0|20252000.0|20252000.0|42080000.0|40948000.0|45268000.0|130652000.0|58251000.0|72401000.0|60000000.0|60000000.0|36690000.0|120206000.0|120206000.0|90559000.0|645000.0|10.34920362|1.91675679|1.08690082|1.0|21447000.0|21447000.0|30935000.0|2.66336634|191407000.0|209910000.0|18.07232028|53402000.0
2015-07-31|320498000.0|320498000.0|211021000.0|109477000.0|0.0|85984000.0|20291000.0|20291000.0|1407000.0|18884000.0|6746000.0|12138000.0|0.0|12138000.0|12138000.0|0.0|1.04|1.04|1.03|11673000.0|11779000.0|0.12|17568000.0|19171000.0|-18288000.0|-11249000.0|-9091000.0|-7000000.0|0.0|-1402000.0|-1924000.0|-11735000.0|242359000.0|96845000.0|145514000.0|8517000.0|8517000.0|40555000.0|58968000.0|42082000.0|118938000.0|50434000.0|68504000.0|53000000.0|53000000.0|35980000.0|123421000.0|123421000.0|101295000.0|-9667000.0|10.57320312|1.92023238|0.96367717|1.00908078|39462000.0|39462000.0|6319000.0|0.5413347|177440000.0|183391000.0|15.71069991|46411000.0
2016-07-31|297978000.0|297978000.0|182470000.0|115508000.0|0.0|86178000.0|29029000.0|29029000.0|799000.0|28230000.0|9555000.0|18675000.0|0.0|18675000.0|18675000.0|0.0|1.59|1.59|1.57|11719000.0|11926000.0|0.12|41034000.0|14829000.0|-17037000.0|-14358000.0|-18563000.0|-17200000.0|0.0|-1406000.0|-523000.0|4911000.0|237028000.0|95348000.0|141680000.0|13428000.0|13428000.0|38896000.0|56134000.0|37401000.0|93839000.0|43669000.0|50170000.0|35800000.0|35800000.0|26418000.0|143189000.0|143189000.0|118564000.0|-12047000.0|12.218534|2.18342531|0.65535062|1.01766362|43858000.0|43858000.0|26676000.0|2.27630344|159597000.0|180894000.0|15.4359587|51679000.0
