Date|REVENUE|REVENUEUSD|COR|GP|RND|SGNA|EBIT|EBITUSD|INTEXP|EBT|TAXEXP|NETINC|PREFDIVIS|NETINCCMN|NETINCCMNUSD|NETINCDIS|EPS|EPSUSD|EPSDIL|SHARESWA|SHARESWADIL|DPS|NCFO|DEPAMOR|NCFI|CAPEX|NCFF|NCFDEBT|NCFCOMMON|NCFDIV|NCFX|NCF|ASSETS|ASSETSC|ASSETSNC|CASHNEQ|CASHNEQUSD|RECEIVABLES|INTANGIBLES|INVENTORY|LIABILITIES|LIABILITIESC|LIABILITIESNC|DEBT|DEBTUSD|PAYABLES|EQUITY|EQUITYUSD|RETEARN|ACCOCI|BVPS|CURRENTRATIO|DE|DILUTIONRATIO|EBITDA|EBITDAUSD|FCF|FCFPS|INVCAP|TANGIBLES|TBVPS|WORKINGCAPITAL
2009-05-31|42801340.0|42801340.0|35117972.0|7683368.0|0.0|6685081.0|1094392.0|1094392.0|0.0|1094392.0|473000.0|621392.0|0.0|621392.0|621392.0|0.0|0.3|0.3|0.3|2117862.0|2117862.0|0.36|1628264.0|19000.0|2929336.0|-14830.0|-2070830.0|0.0|-1219930.0|-767610.0|0.0|2486770.0|15387501.0|15257733.0|129768.0|4075213.0|4075213.0|6345374.0|0.0|0.0|2969379.0|2969379.0|0.0|0.0|0.0|1722024.0|12400486.0|12400486.0|20517707.0|0.0|5.85519075|5.13835822|0.23945666|1.0|1113392.0|1113392.0|1613434.0|0.76182206|8342909.0|15387501.0|7.26558246|12288354.0
2010-05-31|36955967.0|36955967.0|30424219.0|6531748.0|0.0|6215107.0|309483.0|309483.0|0.0|309483.0|166000.0|143483.0|0.0|143483.0|143483.0|0.0|0.07|0.07|0.07|2025187.0|2025187.0|0.0|288744.0|11841.0|1496233.0|-2284.0|-47753.0|0.0|-2292.0|0.0|0.0|1737224.0|15754060.0|15639849.0|114211.0|5812437.0|5812437.0|6507741.0|0.0|0.0|3184563.0|3184563.0|0.0|0.0|0.0|1893403.0|12541677.0|12541677.0|20661190.0|0.0|6.19284886|4.91114448|0.25391844|1.0|321324.0|321324.0|286460.0|0.14144867|6757060.0|15754060.0|7.77906435|12455286.0
2011-05-31|39342369.0|39342369.0|32151766.0|7190603.0|0.0|6708513.0|439092.0|439092.0|0.0|439092.0|242000.0|197092.0|0.0|197092.0|197092.0|0.0|0.1|0.1|0.1|2019604.0|2019604.0|0.0|-825931.0|8472.0|-265444.0|-15163.0|-75208.0|0.0|-25740.0|0.0|0.0|-1166583.0|17141220.0|16774318.0|366902.0|4645854.0|4645854.0|8921861.0|0.0|0.0|4386026.0|4386026.0|0.0|0.0|0.0|2450521.0|12713029.0|12713029.0|20858282.0|0.0|6.29481275|3.82449124|0.34500244|1.0|447564.0|447564.0|-841094.0|-0.41646481|8109340.0|17141220.0|8.48741634|12388292.0
2012-05-31|45215431.0|45215431.0|37751112.0|7464319.0|0.0|7466502.0|-37178.0|-37178.0|0.0|-37178.0|25000.0|-62178.0|0.0|-62178.0|-62178.0|0.0|-0.03|-0.03|-0.03|1999277.0|1999277.0|0.0|358826.0|10339.0|2733625.0|-14909.0|-223556.0|0.0|-152829.0|0.0|0.0|2868895.0|17164564.0|17047092.0|117472.0|7514749.0|7514749.0|8728669.0|0.0|0.0|4645272.0|4645272.0|0.0|0.0|0.0|2604161.0|12498022.0|12498022.0|20796104.0|0.0|6.25127083|3.66977262|0.37168057|1.0|-26839.0|-26839.0|343917.0|0.17202069|5004543.0|17164564.0|8.58538562|12401820.0
2013-05-31|44913649.0|44913649.0|37548691.0|7364958.0|0.0|8080713.0|-734128.0|-734128.0|0.0|-734128.0|-214000.0|-520128.0|0.0|-520128.0|-520128.0|0.0|-0.26|-0.26|-0.26|1971484.0|1971484.0|1.5|-1035640.0|12198.0|-1497163.0|-8163.0|-3100785.0|0.0|-81911.0|-2970093.0|0.0|-5633588.0|13618826.0|13406389.0|212437.0|1881161.0|1881161.0|9146283.0|0.0|0.0|4689489.0|4689489.0|0.0|0.0|0.0|2300483.0|8925890.0|8925890.0|17305883.0|0.0|4.52749807|2.8588166|0.52538055|1.0|-721930.0|-721930.0|-1043803.0|-0.5294504|7048176.0|13618826.0|6.90790592|8716900.0
2014-05-31|49529867.0|49529867.0|41251638.0|8278229.0|0.0|8253061.0|-68936.0|-68936.0|0.0|-68936.0|17000.0|-85936.0|0.0|-85936.0|-85936.0|0.0|-0.04|-0.04|-0.04|1962062.0|1962062.0|0.0|523987.0|15723.0|462966.0|-33034.0|-26147.0|0.0|0.0|0.0|0.0|960806.0|13562586.0|13348838.0|213748.0|2841967.0|2841967.0|8799668.0|0.0|0.0|4642508.0|4642508.0|0.0|0.0|0.0|2421350.0|8839954.0|8839954.0|17219947.0|0.0|4.5054407|2.87535056|0.52517332|1.0|-53213.0|-53213.0|490953.0|0.25022298|6078111.0|13562586.0|6.91241459|8706330.0
2015-05-31|57402896.0|57402896.0|48087428.0|9315468.0|0.0|8883003.0|344711.0|344711.0|0.0|344711.0|152000.0|192711.0|0.0|192711.0|192711.0|0.0|0.1|0.1|0.1|1962062.0|1962062.0|0.0|713522.0|20428.0|223736.0|-25264.0|-109435.0|0.0|0.0|0.0|0.0|827823.0|14051280.0|13934696.0|116584.0|3669790.0|3669790.0|8757242.0|0.0|0.0|4948346.0|4948346.0|0.0|0.0|0.0|2560627.0|9032665.0|9032665.0|17412658.0|0.0|4.60365931|2.81603105|0.54782791|1.0|365139.0|365139.0|688258.0|0.350783|5433144.0|14051280.0|7.16148623|8986350.0
2016-05-31|60998281.0|60998281.0|51038879.0|9959402.0|0.0|9120526.0|788226.0|788226.0|0.0|788226.0|389000.0|399226.0|0.0|399226.0|399226.0|0.0|0.2|0.2|0.2|1962062.0|1962062.0|0.0|1227840.0|22765.0|-295832.0|-11832.0|-87641.0|0.0|0.0|0.0|0.0|844367.0|14089682.0|14009031.0|80651.0|4514157.0|4514157.0|7714533.0|0.0|0.0|4618188.0|4618188.0|0.0|0.0|0.0|1969268.0|9431891.0|9431891.0|17811884.0|0.0|4.80713199|3.03344753|0.48963543|1.0|810991.0|810991.0|1216008.0|0.61976023|4957337.0|14089682.0|7.1810585|9390843.0
