Date|REVENUE|REVENUEUSD|COR|GP|RND|SGNA|EBIT|EBITUSD|INTEXP|EBT|TAXEXP|NETINC|PREFDIVIS|NETINCCMN|NETINCCMNUSD|NETINCDIS|EPS|EPSUSD|EPSDIL|SHARESWA|SHARESWADIL|DPS|NCFO|DEPAMOR|NCFI|CAPEX|NCFF|NCFDEBT|NCFCOMMON|NCFDIV|NCFX|NCF|ASSETS|ASSETSC|ASSETSNC|CASHNEQ|CASHNEQUSD|RECEIVABLES|INTANGIBLES|INVENTORY|LIABILITIES|LIABILITIESC|LIABILITIESNC|DEBT|DEBTUSD|PAYABLES|EQUITY|EQUITYUSD|RETEARN|ACCOCI|BVPS|CURRENTRATIO|DE|DILUTIONRATIO|EBITDA|EBITDAUSD|FCF|FCFPS|INVCAP|TANGIBLES|TBVPS|WORKINGCAPITAL
2009-08-31|1657400000.0|1657400000.0|1022300000.0|635100000.0|0.0|454600000.0|155500000.0|155500000.0|28500000.0|127000000.0|42100000.0|84900000.0|0.0|84900000.0|84900000.0|300000.0|2.04|2.04|2.0|40800000.0|41600000.0|0.52|92700000.0|35700000.0|-183100000.0|-21000000.0|-180600000.0|-162400000.0|3000000.0|-21600000.0|-7100000.0|-278400000.0|1290600000.0|422900000.0|867700000.0|18700000.0|18700000.0|227400000.0|695400000.0|140800000.0|618400000.0|476100000.0|142300000.0|231500000.0|231500000.0|162300000.0|672200000.0|672200000.0|404200000.0|-57400000.0|16.4754902|0.88825877|0.9199643|1.01960784|191200000.0|191200000.0|71700000.0|1.75735294|331900000.0|595200000.0|14.58823529|-53200000.0
2010-08-31|1626900000.0|1626900000.0|965400000.0|661500000.0|0.0|495400000.0|148800000.0|148800000.0|29400000.0|119400000.0|39800000.0|79600000.0|0.0|79600000.0|79600000.0|-600000.0|1.84|1.84|1.8|42500000.0|43300000.0|0.52|160500000.0|36500000.0|-44300000.0|-21700000.0|59200000.0|108600000.0|-29600000.0|-22600000.0|-3100000.0|172300000.0|1503600000.0|626300000.0|877300000.0|191000000.0|191000000.0|255100000.0|715100000.0|149000000.0|809200000.0|321300000.0|487900000.0|353300000.0|353300000.0|195000000.0|694400000.0|694400000.0|459000000.0|-71300000.0|16.33882353|1.9492686|1.16532258|1.01882353|185300000.0|185300000.0|138800000.0|3.26588235|629500000.0|788500000.0|18.55294118|305000000.0
2011-08-31|1795700000.0|1795700000.0|1065700000.0|730000000.0|0.0|541300000.0|187500000.0|187500000.0|29900000.0|157600000.0|52100000.0|105500000.0|0.0|105500000.0|105500000.0|0.0|2.46|2.46|2.42|42200000.0|42800000.0|0.52|161100000.0|40100000.0|-112500000.0|-22100000.0|-71800000.0|0.0|-54500000.0|-22600000.0|2400000.0|-20800000.0|1597400000.0|630500000.0|966900000.0|170200000.0|170200000.0|262600000.0|793400000.0|165900000.0|840400000.0|331400000.0|509000000.0|353400000.0|353400000.0|203800000.0|757000000.0|757000000.0|541000000.0|-53800000.0|17.93838863|1.9025347|1.11017173|1.01421801|227600000.0|227600000.0|139000000.0|3.29383886|655800000.0|804000000.0|19.0521327|299100000.0
2012-08-31|1933700000.0|1933700000.0|1145700000.0|788000000.0|0.0|566700000.0|209700000.0|209700000.0|30700000.0|179000000.0|62700000.0|116300000.0|0.0|116300000.0|116300000.0|0.0|2.75|2.75|2.72|41400000.0|41900000.0|0.52|172200000.0|39800000.0|-35100000.0|-31300000.0|-18700000.0|0.0|-1600000.0|-22000000.0|-4100000.0|114300000.0|1736900000.0|779000000.0|957900000.0|284500000.0|284500000.0|263800000.0|785700000.0|194100000.0|902900000.0|364800000.0|538100000.0|353500000.0|353500000.0|232700000.0|834000000.0|834000000.0|635300000.0|-84700000.0|20.14492754|2.13541667|1.08261391|1.01207729|249500000.0|249500000.0|140900000.0|3.40338164|655400000.0|951200000.0|22.97584541|414200000.0
2013-08-31|2089100000.0|2089100000.0|1251500000.0|837600000.0|0.0|607600000.0|224300000.0|224300000.0|31200000.0|193100000.0|65700000.0|127400000.0|0.0|127400000.0|127400000.0|0.0|2.97|2.97|2.95|42200000.0|42500000.0|0.52|132300000.0|40800000.0|-58500000.0|-33000000.0|1100000.0|0.0|14900000.0|-22400000.0|-300000.0|74600000.0|1903800000.0|913500000.0|990300000.0|359100000.0|359100000.0|318300000.0|813300000.0|203000000.0|910300000.0|386200000.0|524100000.0|353600000.0|353600000.0|249500000.0|993500000.0|993500000.0|740300000.0|-62600000.0|23.54265403|2.36535474|0.91625566|1.007109|265100000.0|265100000.0|99300000.0|2.35308057|698800000.0|1090500000.0|25.84123223|527300000.0
2014-08-31|2393500000.0|2393500000.0|1414300000.0|979200000.0|0.0|680300000.0|297800000.0|297800000.0|32100000.0|265700000.0|89900000.0|175800000.0|0.0|175800000.0|175800000.0|0.0|4.07|4.07|4.05|42800000.0|43000000.0|0.52|233100000.0|43400000.0|-34300000.0|-34300000.0|-6300000.0|0.0|8400000.0|-22500000.0|900000.0|193400000.0|2166400000.0|1186400000.0|980000000.0|552500000.0|552500000.0|373400000.0|801000000.0|212000000.0|1004600000.0|470500000.0|534100000.0|351900000.0|351900000.0|287400000.0|1163500000.0|1163500000.0|893600000.0|-71900000.0|27.18457944|2.52157279|0.86342931|1.0046729|341200000.0|341200000.0|198800000.0|4.64485981|694300000.0|1365400000.0|31.90186916|715900000.0
2015-08-31|2706700000.0|2706700000.0|1561100000.0|1145600000.0|0.0|756900000.0|375100000.0|375100000.0|31500000.0|343600000.0|121500000.0|222100000.0|0.0|222100000.0|222100000.0|0.0|5.13|5.13|5.09|43100000.0|43400000.0|0.52|288900000.0|45800000.0|-72400000.0|-55200000.0|-3900000.0|0.0|11600000.0|-22700000.0|-8300000.0|204300000.0|2407000000.0|1413400000.0|993600000.0|756800000.0|756800000.0|411700000.0|788400000.0|224800000.0|1047000000.0|520900000.0|526100000.0|352400000.0|352400000.0|311100000.0|1360000000.0|1360000000.0|1093000000.0|-110400000.0|31.55452436|2.71338069|0.76985294|1.00696056|420900000.0|420900000.0|233700000.0|5.42227378|693300000.0|1618600000.0|37.55452436|892500000.0
2016-08-31|3291300000.0|3291300000.0|1855100000.0|1436200000.0|0.0|946000000.0|476800000.0|476800000.0|32200000.0|444600000.0|153800000.0|290800000.0|0.0|290800000.0|290800000.0|0.0|6.67|6.67|6.63|43500000.0|43800000.0|0.52|345700000.0|62600000.0|-704700000.0|-81500000.0|19400000.0|2500000.0|14200000.0|-22900000.0|-4000000.0|-343600000.0|2948000000.0|1322900000.0|1625100000.0|413200000.0|413200000.0|572800000.0|1329200000.0|295200000.0|1288200000.0|672500000.0|615700000.0|355200000.0|355200000.0|401000000.0|1659800000.0|1659800000.0|1360900000.0|-139400000.0|38.15632184|1.96713755|0.7761176|1.00689655|539400000.0|539400000.0|264200000.0|6.07356322|888300000.0|1618800000.0|37.2137931|650400000.0
