Date|REVENUE|REVENUEUSD|COR|GP|RND|SGNA|EBIT|EBITUSD|INTEXP|EBT|TAXEXP|NETINC|PREFDIVIS|NETINCCMN|NETINCCMNUSD|NETINCDIS|EPS|EPSUSD|EPSDIL|SHARESWA|SHARESWADIL|DPS|NCFO|DEPAMOR|NCFI|CAPEX|NCFF|NCFDEBT|NCFCOMMON|NCFDIV|NCFX|NCF|ASSETS|ASSETSC|ASSETSNC|CASHNEQ|CASHNEQUSD|RECEIVABLES|INTANGIBLES|INVENTORY|LIABILITIES|LIABILITIESC|LIABILITIESNC|DEBT|DEBTUSD|PAYABLES|EQUITY|EQUITYUSD|RETEARN|ACCOCI|BVPS|CURRENTRATIO|DE|DILUTIONRATIO|EBITDA|EBITDAUSD|FCF|FCFPS|INVCAP|TANGIBLES|TBVPS|WORKINGCAPITAL
2009-03-31|252181000.0|252181000.0|45412000.0|206769000.0|0.0|24182000.0|150435000.0|150435000.0|53486000.0|96949000.0|-11871000.0|108820000.0|0.0|108820000.0|108820000.0|0.0||||||0.0|21486000.0|54750000.0|-15640000.0|-15309000.0|-30366000.0|-31861000.0|50000000.0|0.0|7000.0|-24513000.0|2002869000.0|355908000.0|1646961000.0|25760000.0|25760000.0|72485000.0|633988000.0|148348000.0|1025495000.0|265595000.0|1025495000.0|661956000.0|661956000.0|350000.0|977374000.0|977374000.0|160383000.0|0.0||1.34004029|1.04923499||205185000.0|205185000.0|6177000.0||1739482000.0|1368881000.0||90313000.0
2010-03-31|270505000.0|270505000.0|38153000.0|232352000.0|0.0|36640000.0|159268000.0|159268000.0|38119000.0|121149000.0|67940000.0|53209000.0|0.0|53209000.0|53209000.0|0.0||||33804745.0||0.0|155887000.0|43062000.0|-67754000.0|-67754000.0|17506000.0|113472000.0|33000000.0|0.0|160000.0|105799000.0|2099290000.0|429936000.0|1669354000.0|131559000.0|131559000.0|66415000.0|612009000.0|144654000.0|1169504000.0|180151000.0|1169504000.0|800000000.0|800000000.0|2147000.0|929786000.0|929786000.0|79795000.0|0.0|27.50460032|2.3865313|1.25782062||202330000.0|202330000.0|88133000.0|2.60711921|1975571000.0|1487281000.0|43.99622006|249785000.0
2011-03-31|230075000.0|230075000.0|44772000.0|185303000.0|0.0|34568000.0|104410000.0|104410000.0|77007000.0|27403000.0|-30054000.0|57457000.0|0.0|57457000.0|57457000.0|0.0|0.31|0.31|0.31|33804745.0||0.87|53385000.0|46891000.0|-20375000.0|-20375000.0|-46630000.0|-2086000.0|333459000.0|-378003000.0|-197000.0|-13817000.0|2061270000.0|443699000.0|1617571000.0|196849000.0|196849000.0|47727000.0|594450000.0|148840000.0|1160712000.0|171549000.0|1144297000.0|800000000.0|800000000.0|2408000.0|900558000.0|900558000.0|0.0|0.0|26.63998797|2.5864272|1.28888089||151301000.0|151301000.0|33010000.0|0.97649013|1898422000.0|1466820000.0|43.39095|272150000.0
2012-03-31|268581000.0|268581000.0|43978000.0|224603000.0|0.0|28582000.0|-110829000.0|-110829000.0|74630000.0|-185459000.0|-19687000.0|-165772000.0|0.0|-165772000.0|-165772000.0|0.0|-2.39|-2.39|-2.39|34492245.0||1.4|8035000.0|46132000.0|-52820000.0|-52820000.0|-60083000.0|5233000.0|11000000.0|-74568000.0|468000.0|-104400000.0|1803358000.0|439427000.0|1363931000.0|13342000.0|13342000.0|51514000.0|330913000.0|246003000.0|1124668000.0|303748000.0|1112968000.0|807179000.0|807179000.0|1527000.0|678690000.0|678690000.0||0.0|19.67659687|1.44668278|1.65711591||-64697000.0|-64697000.0|-44785000.0|-1.2984078|1962534000.0|1472445000.0|42.689161|135679000.0
2013-03-31|140695000.0|140695000.0|32535000.0|108160000.0|0.0|38562000.0|4467000.0|4467000.0|67010000.0|-62543000.0|-18942000.0|-43601000.0|0.0|-43601000.0|-43601000.0|0.0|-0.63|-0.63|-0.63|34492245.0||1.4|162130000.0|50409000.0|-27805000.0|-27805000.0|-136829000.0|-88018000.0|0.0|-48811000.0|-228000.0|-2732000.0|1524392000.0|247775000.0|1276617000.0|29084000.0|29084000.0|109428000.0|319602000.0|98680000.0|936873000.0|142023000.0|784992000.0|722274000.0|722274000.0|1048000.0|587519000.0|587519000.0||0.0|17.03336504|1.74461179|1.59462588||54876000.0|54876000.0|134325000.0|3.89435364|1755957000.0|1204790000.0|34.92930077|105752000.0
2014-03-31|207396000.0|207396000.0|40834000.0|166562000.0|0.0|39937000.0|47102000.0|47102000.0|66315000.0|-19213000.0|-10256000.0|-8957000.0|0.0|-8957000.0|-8957000.0|0.0|-0.25|-0.25|-0.25|35301200.0||1.4|91907000.0|41286000.0|-5166000.0|-3159000.0|-89244000.0|-54975000.0|-218000.0|-34051000.0|-403000.0|-2906000.0|1539191000.0|297137000.0|1242054000.0|40330000.0|40330000.0|156388000.0|311066000.0|75140000.0|1259587000.0|263759000.0|721292000.0|706725000.0|706725000.0|1023000.0|279604000.0|279604000.0||0.0|7.92052395|1.12654734|4.50489621||88388000.0|88388000.0|88748000.0|2.51402219|1630761000.0|1228125000.0|34.78989383|33378000.0
2015-03-31|98319000.0|98319000.0|39230000.0|59089000.0|0.0|26833000.0|-330976000.0|-330976000.0|51336000.0|-382312000.0|-31656000.0|-350656000.0|0.0|-350656000.0|-350656000.0|0.0|-9.34|-9.34|-9.34|37988724.0||1.05|-39444000.0|117323000.0|-7573000.0|-7573000.0|51726000.0|71844000.0|-13000.0|-20105000.0|-714000.0|3995000.0|1160959000.0|253405000.0|907554000.0|24984000.0|24984000.0|46738000.0|41829000.0|136295000.0|1242764000.0|277973000.0|697315000.0|779426000.0|779426000.0|885000.0|-81805000.0|-81805000.0||0.0|-2.15340215|0.91161732|-15.19178534||-213653000.0|-213653000.0|-47017000.0|-1.23765673|1595599000.0|1119130000.0|29.4595312|-24568000.0
2016-03-31|54345000.0|54345000.0|29806000.0|24539000.0|0.0|29993000.0|-62804000.0|-62804000.0|52301000.0|-115105000.0|-11774000.0|-103331000.0|0.0|-103331000.0|-103331000.0|0.0|-2.67|-2.67|-2.67|37988724.0||0.0|57305000.0|57435000.0|-3133000.0|-3133000.0|-55807000.0|-52453000.0|0.0|-3354000.0|182000.0|-1453000.0|991897000.0|153665000.0|838232000.0|23479000.0|23479000.0|38671000.0|35852000.0|41268000.0|1176843000.0|233131000.0|678127000.0|730673000.0|730673000.0|389000.0|-184946000.0|-184946000.0||0.0|-4.86844465|0.65913585|-6.36317087||-5369000.0|-5369000.0|54172000.0|1.42600209|1430108000.0|956045000.0|25.16654679|-79466000.0
