Date|REVENUE|REVENUEUSD|COR|GP|RND|SGNA|EBIT|EBITUSD|INTEXP|EBT|TAXEXP|NETINC|PREFDIVIS|NETINCCMN|NETINCCMNUSD|NETINCDIS|EPS|EPSUSD|EPSDIL|SHARESWA|SHARESWADIL|DPS|NCFO|DEPAMOR|NCFI|CAPEX|NCFF|NCFDEBT|NCFCOMMON|NCFDIV|NCFX|NCF|ASSETS|ASSETSC|ASSETSNC|CASHNEQ|CASHNEQUSD|RECEIVABLES|INTANGIBLES|INVENTORY|LIABILITIES|LIABILITIESC|LIABILITIESNC|DEBT|DEBTUSD|PAYABLES|EQUITY|EQUITYUSD|RETEARN|ACCOCI|BVPS|CURRENTRATIO|DE|DILUTIONRATIO|EBITDA|EBITDAUSD|FCF|FCFPS|INVCAP|TANGIBLES|TBVPS|WORKINGCAPITAL
2009-06-30|19799000.0|19799000.0|14106000.0|5693000.0|5222000.0|9249000.0|-8550000.0|-8550000.0|0.0|-8550000.0|0.0|-8550000.0|0.0|-8550000.0|-8550000.0|0.0|-12.2|-12.2|-12.2|700756.0|700756.0|0.0|-8796000.0|474000.0|11080000.0|-1008000.0|-13000.0|-13000.0|0.0|0.0|0.0|2271000.0|27655000.0|25761000.0|1894000.0|6655000.0|6655000.0|4235000.0|0.0|5233000.0|5201000.0|4838000.0|363000.0|0.0|0.0|1781000.0|22454000.0|22454000.0|-98359000.0|0.0|32.04253692|5.32472096|0.23162911|1.0|-8076000.0|-8076000.0|-9804000.0|-13.99060443|16162000.0|27655000.0|39.46452117|20923000.0
2010-06-30|23088000.0|23088000.0|15643000.0|7445000.0|5013000.0|7686000.0|-5193000.0|-5193000.0|0.0|-5193000.0|0.0|-5193000.0|0.0|-5193000.0|-5193000.0|0.0|-7.4|-7.4|-7.4|701162.0|701162.0|0.0|-4428000.0|492000.0|8508000.0|-470000.0|-4000.0|-4000.0|0.0|0.0|0.0|4076000.0|24030000.0|22161000.0|1869000.0|10731000.0|10731000.0|6095000.0|0.0|5034000.0|6251000.0|5574000.0|677000.0|0.0|0.0|2383000.0|17779000.0|17779000.0|-103552000.0|0.0|25.35647967|3.97578041|0.35159458|1.0|-4701000.0|-4701000.0|-4898000.0|-6.98554685|7725000.0|24030000.0|34.27168044|16587000.0
2011-06-30|23400000.0|23400000.0|14563000.0|8837000.0|3003000.0|8669000.0|-2567000.0|-2567000.0|0.0|-2567000.0|0.0|-2567000.0|0.0|-2567000.0|-2567000.0|0.0|-3.4|-3.4|-3.4|740808.0|740808.0|0.0|-2092000.0|466000.0|-249000.0|-249000.0|3919000.0|-2000.0|3921000.0|0.0|0.0|1578000.0|24399000.0|23040000.0|1359000.0|12309000.0|12309000.0|3963000.0|0.0|6348000.0|4306000.0|4064000.0|242000.0|0.0|0.0|1791000.0|20093000.0|20093000.0|-106119000.0|0.0|27.12308722|5.66929134|0.21430349|1.0|-2101000.0|-2101000.0|-2341000.0|-3.16006307|8026000.0|24399000.0|32.93565944|18976000.0
2012-06-30|19023000.0|19023000.0|12690000.0|6333000.0|3729000.0|7983000.0|-4986000.0|-4986000.0|0.0|-4986000.0|0.0|-4986000.0|0.0|-4986000.0|-4986000.0|0.0|-6.0|-6.0|-6.0|819450.0|819450.0|0.0|-3885000.0|604000.0|-545000.0|-545000.0|0.0|0.0|0.0|0.0|0.0|-4430000.0|21080000.0|19065000.0|2015000.0|7879000.0|7879000.0|4558000.0|315000.0|6290000.0|5182000.0|5031000.0|151000.0|0.0|0.0|2772000.0|15898000.0|15898000.0|-111105000.0|0.0|19.40081762|3.78950507|0.32595295|1.0|-4382000.0|-4382000.0|-4430000.0|-5.40606504|7855000.0|20765000.0|25.34016719|14034000.0
2013-06-30|17963000.0|17963000.0|11598000.0|6365000.0|2991000.0|8600000.0|-3086000.0|-3086000.0|0.0|-3086000.0|0.0|-3086000.0|0.0|-3086000.0|-3086000.0|0.0|-3.8|-3.8|-3.8|826329.0|826329.0|0.0|-3082000.0|538000.0|2144000.0|-391000.0|-57000.0|0.0|-57000.0|0.0|0.0|-995000.0|18529000.0|16273000.0|2256000.0|6884000.0|6884000.0|4898000.0|0.0|4259000.0|5211000.0|5148000.0|63000.0|0.0|0.0|3106000.0|13318000.0|13318000.0|-114191000.0|0.0|16.11706717|3.16103341|0.39127497|1.0|-2548000.0|-2548000.0|-3473000.0|-4.20292644|6497000.0|18529000.0|22.42327209|11125000.0
2014-06-30|15987000.0|15987000.0|10101000.0|5886000.0|3468000.0|11458000.0|-9034000.0|-9034000.0|0.0|-9034000.0|-403000.0|-8631000.0|0.0|-8631000.0|-8631000.0|0.0|-7.2|-7.2|-7.2|1211717.0|1211717.0|0.0|-7836000.0|993000.0|-51000.0|-402000.0|15807000.0|-150000.0|15957000.0|0.0|7000.0|7927000.0|62888000.0|25327000.0|37561000.0|14811000.0|14811000.0|4693000.0|35182000.0|5606000.0|14190000.0|6380000.0|7810000.0|0.0|0.0|3590000.0|48698000.0|48698000.0|-122822000.0|58000.0|40.18925211|3.96974922|0.29138774|1.0|-8041000.0|-8041000.0|-8238000.0|-6.79861717|6515000.0|27706000.0|22.86507493|18947000.0
2015-06-30|16042000.0|16042000.0|11293000.0|4749000.0|5939000.0|13669000.0|-14852000.0|-14852000.0|0.0|-14852000.0|0.0|-14852000.0|0.0|-14852000.0|-14852000.0|0.0|-7.36|-7.36|-7.36|2017597.0|2017597.0|0.0|-10649000.0|1351000.0|-587000.0|-587000.0|-189000.0|-60000.0|-129000.0|0.0|-29000.0|-11454000.0|50757000.0|13251000.0|37506000.0|3357000.0|3357000.0|5133000.0|34490000.0|4598000.0|15855000.0|7946000.0|7909000.0|0.0|0.0|5079000.0|34902000.0|34902000.0|-137674000.0|-5000.0|17.29879654|1.66763151|0.45427196|1.0|-13501000.0|-13501000.0|-11236000.0|-5.56900114|4964000.0|16267000.0|8.06256155|5305000.0
2016-06-30|11929000.0|11929000.0|9185000.0|2744000.0|3230000.0|10379000.0|-16724000.0|-16724000.0|1864000.0|-18588000.0|0.0|-18588000.0|0.0|-18588000.0|-18588000.0|0.0|-7.57|-7.57|-7.57|2455548.0|2455548.0|0.0|-9625000.0|1168000.0|-710000.0|-710000.0|12824000.0|11489000.0|2455000.0|0.0|-11000.0|2478000.0|49899000.0|12843000.0|37056000.0|5835000.0|5835000.0|3169000.0|34016000.0|3593000.0|17626000.0|5542000.0|12084000.0|2489000.0|2489000.0|2648000.0|32273000.0|32273000.0|-156262000.0|-37000.0|13.14289112|2.31739444|0.54615313|1.0|-15556000.0|-15556000.0|-10335000.0|-4.20883648|6995000.0|15883000.0|6.46820995|7301000.0
