Date|REVENUE|REVENUEUSD|COR|GP|RND|SGNA|EBIT|EBITUSD|INTEXP|EBT|TAXEXP|NETINC|PREFDIVIS|NETINCCMN|NETINCCMNUSD|NETINCDIS|EPS|EPSUSD|EPSDIL|SHARESWA|SHARESWADIL|DPS|NCFO|DEPAMOR|NCFI|CAPEX|NCFF|NCFDEBT|NCFCOMMON|NCFDIV|NCFX|NCF|ASSETS|ASSETSC|ASSETSNC|CASHNEQ|CASHNEQUSD|RECEIVABLES|INTANGIBLES|INVENTORY|LIABILITIES|LIABILITIESC|LIABILITIESNC|DEBT|DEBTUSD|PAYABLES|EQUITY|EQUITYUSD|RETEARN|ACCOCI|BVPS|CURRENTRATIO|DE|DILUTIONRATIO|EBITDA|EBITDAUSD|FCF|FCFPS|INVCAP|TANGIBLES|TBVPS|WORKINGCAPITAL
2009-06-30|515826000.0|515826000.0|191944000.0|323882000.0|60921000.0|201379000.0|62504000.0|62504000.0|1401000.0|61103000.0|5417000.0|55686000.0|0.0|55686000.0|55686000.0|0.0|1.29|1.29|1.25|43330166.0|44634191.0|0.0|120051000.0|35713000.0|-57595000.0|-83454000.0|-31243000.0|-3219000.0|-33451000.0|0.0|-370000.0|30843000.0|369549000.0|156863000.0|212686000.0|133988000.0|133988000.0|5672000.0|6754000.0|4384000.0|84015000.0|66813000.0|17202000.0|18814000.0|18814000.0|11347000.0|285534000.0|285534000.0|98784000.0|3722000.0|6.58972781|2.3477916|0.29423816|1.03009508|98217000.0|98217000.0|36597000.0|0.84460789|180808000.0|362795000.0|8.3728043|90050000.0
2010-06-30|670035000.0|670035000.0|240195000.0|429840000.0|78387000.0|274605000.0|75798000.0|75798000.0|784000.0|75014000.0|7273000.0|67741000.0|0.0|67741000.0|67741000.0|0.0|1.56|1.56|1.49|43365872.0|45336561.0|0.0|153701000.0|44367000.0|-123865000.0|-107665000.0|1259000.0|-13848000.0|14977000.0|0.0|-2356000.0|28739000.0|477889000.0|203002000.0|274887000.0|162727000.0|162727000.0|9389000.0|6426000.0|6223000.0|101775000.0|91633000.0|10142000.0|5222000.0|5222000.0|16664000.0|376114000.0|376114000.0|166525000.0|-10625000.0|8.67304133|2.21538092|0.27059615|1.04544332|120165000.0|120165000.0|46036000.0|1.0615721|222325000.0|471463000.0|10.87175187|111369000.0
2011-06-30|817009000.0|817009000.0|287806000.0|529203000.0|93626000.0|342497000.0|90883000.0|90883000.0|-239000.0|91122000.0|9013000.0|82109000.0|0.0|82109000.0|82109000.0|0.0|1.89|1.89|1.83|43431326.0|44951199.0|0.0|162633000.0|50627000.0|-34330000.0|-43900000.0|-58282000.0|-5222000.0|-49922000.0|0.0|3804000.0|73825000.0|555900000.0|272291000.0|283609000.0|236552000.0|236552000.0|13389000.0|11256000.0|8377000.0|105807000.0|93806000.0|12001000.0|0.0|0.0|15998000.0|450093000.0|450093000.0|248634000.0|12877000.0|10.36332623|2.90270345|0.23507808|1.03499486|141510000.0|141510000.0|118733000.0|2.73381015|214286000.0|544644000.0|12.54034933|178485000.0
2012-06-30|1020269000.0|1020269000.0|355205000.0|665064000.0|129162000.0|480728000.0|57524000.0|57524000.0|1679000.0|55845000.0|11851000.0|43994000.0|0.0|43994000.0|43994000.0|0.0|1.16|1.16|1.13|37813504.0|38953179.0|0.0|140641000.0|59427000.0|-232268000.0|-52122000.0|-79167000.0|227181000.0|-308307000.0|0.0|-3555000.0|-174349000.0|592429000.0|115598000.0|476831000.0|62203000.0|62203000.0|20125000.0|185886000.0|7168000.0|403142000.0|141979000.0|261163000.0|229000000.0|229000000.0|25931000.0|189287000.0|189287000.0|292628000.0|-10732000.0|5.00580428|0.81419083|2.12979233|1.03013937|116951000.0|116951000.0|88519000.0|2.34093619|431361000.0|406543000.0|10.75126494|-26381000.0
2013-06-30|1167478000.0|1167478000.0|400293000.0|767185000.0|164859000.0|556202000.0|44151000.0|44151000.0|5329000.0|38822000.0|9387000.0|29435000.0|0.0|29435000.0|29435000.0|0.0|0.89|0.89|0.85|33209172.0|34472004.0|0.0|140012000.0|64325000.0|-98931000.0|-86666000.0|-53255000.0|8051000.0|-59546000.0|0.0|36000.0|-12138000.0|601567000.0|100231000.0|501336000.0|50065000.0|50065000.0|22026000.0|180301000.0|7620000.0|412006000.0|155026000.0|256980000.0|238750000.0|238750000.0|22597000.0|189561000.0|189561000.0|299144000.0|-11556000.0|5.70809173|0.64654316|2.1734745|1.0380266|108476000.0|108476000.0|53346000.0|1.60636345|454925000.0|421266000.0|12.68523045|-54795000.0
2014-06-30|1270236000.0|1270236000.0|451093000.0|819143000.0|176344000.0|556885000.0|61960000.0|61960000.0|7674000.0|54286000.0|10590000.0|43696000.0|0.0|43696000.0|43696000.0|0.0|1.33|1.33|1.28|32873234.0|34239909.0|0.0|153739000.0|72282000.0|-306984000.0|-81987000.0|164449000.0|206649000.0|-37591000.0|0.0|1239000.0|12443000.0|988985000.0|157941000.0|831044000.0|62508000.0|62508000.0|23515000.0|441417000.0|12138000.0|745368000.0|241501000.0|503867000.0|466176000.0|466176000.0|52770000.0|232457000.0|232457000.0|342840000.0|2113000.0|7.07131522|0.65399729|3.2064769|1.0415741|134242000.0|134242000.0|71752000.0|2.18268759|709735000.0|547568000.0|16.65695563|-83560000.0
2015-06-30|1494206000.0|1494206000.0|568599000.0|925607000.0|194360000.0|634923000.0|119358000.0|119358000.0|16705000.0|102653000.0|10441000.0|92212000.0|0.0|92212000.0|92212000.0|0.0|2.82|2.82|2.73|32644870.0|33816498.0|0.0|242022000.0|97500000.0|-217190000.0|-93386000.0|25166000.0|48457000.0|13123000.0|0.0|-8922000.0|41076000.0|1299795000.0|216098000.0|1083697000.0|103584000.0|103584000.0|32145000.0|573801000.0|18356000.0|992638000.0|305678000.0|686960000.0|607937000.0|607937000.0|65875000.0|249419000.0|249419000.0|435052000.0|-98909000.0|7.64037351|0.70694653|3.97980106|1.03589011|216858000.0|216858000.0|148636000.0|4.55311968|924669000.0|725994000.0|22.23914508|-89580000.0
2016-06-30|1788044000.0|1788044000.0|775005000.0|1013039000.0|220981000.0|683024000.0|108229000.0|108229000.0|38196000.0|70033000.0|15684000.0|54349000.0|0.0|54349000.0|54349000.0|0.0|1.72|1.72|1.64|31656234.0|33049454.0|0.0|247358000.0|131918000.0|-265538000.0|-107235000.0|-5338000.0|153383000.0|-148762000.0|0.0|-2640000.0|-26158000.0|1463869000.0|200768000.0|1263101000.0|77426000.0|77426000.0|32327000.0|718187000.0|18125000.0|1232492000.0|335863000.0|896629000.0|788743000.0|788743000.0|86682000.0|166076000.0|166076000.0|486482000.0|-108015000.0|5.24623365|0.59776754|7.42125292|1.04401092|240147000.0|240147000.0|140123000.0|4.42639513|1121136000.0|745682000.0|23.55561309|-135095000.0
