Date|REVENUE|REVENUEUSD|COR|GP|RND|SGNA|EBIT|EBITUSD|INTEXP|EBT|TAXEXP|NETINC|PREFDIVIS|NETINCCMN|NETINCCMNUSD|NETINCDIS|EPS|EPSUSD|EPSDIL|SHARESWA|SHARESWADIL|DPS|NCFO|DEPAMOR|NCFI|CAPEX|NCFF|NCFDEBT|NCFCOMMON|NCFDIV|NCFX|NCF|ASSETS|ASSETSC|ASSETSNC|CASHNEQ|CASHNEQUSD|RECEIVABLES|INTANGIBLES|INVENTORY|LIABILITIES|LIABILITIESC|LIABILITIESNC|DEBT|DEBTUSD|PAYABLES|EQUITY|EQUITYUSD|RETEARN|ACCOCI|BVPS|CURRENTRATIO|DE|DILUTIONRATIO|EBITDA|EBITDAUSD|FCF|FCFPS|INVCAP|TANGIBLES|TBVPS|WORKINGCAPITAL
2009-06-30|28354000.0|28354000.0|0.0|28354000.0|0.0|13472000.0|14882000.0|14882000.0|0.0|14882000.0|5581000.0|9301000.0|0.0|9301000.0|9301000.0|0.0|0.9|0.9|0.89|10332728.0|10403978.0|0.48|11663000.0|-2438000.0|-116368000.0|0.0|88132000.0|45444000.0|-17143000.0|-4874000.0|0.0|-16573000.0|488972000.0|||55217000.0|55217000.0|3508000.0|0.0|0.0|297596000.0|||52433000.0|52433000.0|2569000.0|191376000.0|191376000.0|189528000.0|1352000.0|18.52134306||1.55503302|1.00689557|12444000.0|12444000.0|11663000.0|1.12874354|486188000.0|488972000.0|47.32264316|
2010-06-30|29660000.0|29660000.0|0.0|29660000.0|0.0|11640000.0|18020000.0|18020000.0|0.0|18020000.0|6893000.0|11127000.0|0.0|11127000.0|11127000.0|0.0|1.09|1.09|1.08|10197178.0|10303970.0|0.6|7012000.0|-2018000.0|67507000.0|0.0|-55748000.0|-35444000.0|830000.0|-6112000.0|0.0|18771000.0|453602000.0|||73988000.0|73988000.0|2302000.0|0.0|0.0|255054000.0|||24337000.0|24337000.0|905000.0|198548000.0|198548000.0|194543000.0|2679000.0|19.47087714||1.28459617|1.0104727|16002000.0|16002000.0|7012000.0|0.68764123|403951000.0|453602000.0|44.4830913|
2011-06-30|29023000.0|29023000.0|0.0|29023000.0|0.0|12088000.0|16935000.0|16935000.0|0.0|16935000.0|6028000.0|10907000.0|0.0|10907000.0|10907000.0|0.0|1.06|1.06|1.05|10303151.0|10400589.0|1.0|15643000.0|-2313000.0|-52521000.0|0.0|60192000.0|0.0|1627000.0|-10288000.0|0.0|23314000.0|524415000.0|||97302000.0|97302000.0|2198000.0|0.0|0.0|324793000.0|||18448000.0|18448000.0|1338000.0|199622000.0|199622000.0|195162000.0|1507000.0|19.3748495||1.62704011|1.00945711|14622000.0|14622000.0|15643000.0|1.51827339|445561000.0|524415000.0|50.89850668|
2012-06-30|26582000.0|26582000.0|0.0|26582000.0|0.0|12307000.0|14275000.0|14275000.0|0.0|14275000.0|5372000.0|8903000.0|0.0|8903000.0|8903000.0|0.0|0.85|0.85|0.85|10419961.0|10429359.0|1.1|6889000.0|-757000.0|-4525000.0|0.0|-42745000.0|-10000000.0|195000.0|-11462000.0|0.0|-40381000.0|486171000.0|||56921000.0|56921000.0|1597000.0|0.0|0.0|289732000.0|||3275000.0|3275000.0|4386000.0|196439000.0|196439000.0|192603000.0|688000.0|18.85218188||1.47492097|1.00090192|13518000.0|13518000.0|6889000.0|0.66113491|432525000.0|486171000.0|46.65766024|
2013-06-30|23295000.0|23295000.0|0.0|23295000.0|0.0|11610000.0|11685000.0|11685000.0|0.0|11685000.0|4331000.0|7354000.0|0.0|7354000.0|7354000.0|0.0|0.7|0.7|0.7|10446347.0|10453361.0|2.2|-2696000.0|-679000.0|-48666000.0|0.0|69910000.0|0.0|164000.0|-22985000.0|0.0|18548000.0|558903000.0|||75469000.0|75469000.0|1395000.0|0.0|0.0|378024000.0|||768000.0|768000.0|8849000.0|180879000.0|180879000.0|176972000.0|590000.0|17.31504803||2.08992752|1.00067143|11006000.0|11006000.0|-2696000.0|-0.25808065|484202000.0|558903000.0|53.50224342|
2014-06-30|22068000.0|22068000.0|0.0|22068000.0|0.0|10995000.0|11073000.0|11073000.0|0.0|11073000.0|4022000.0|7051000.0|0.0|7051000.0|7051000.0|0.0|0.67|0.67|0.67|10453107.0|10456359.0|0.4|6466000.0|76000.0|-54430000.0|0.0|12617000.0|6858000.0|156000.0|-4179000.0|0.0|-35347000.0|579550000.0|||40122000.0|40122000.0|680000.0|0.0|0.0|395805000.0|||15498000.0|15498000.0|4655000.0|183745000.0|183745000.0|179844000.0|424000.0|17.57802728||2.15409943|1.0003111|11149000.0|11149000.0|6466000.0|0.61857207|554926000.0|579550000.0|55.44284584|
2015-06-30|26594000.0|26594000.0|0.0|26594000.0|0.0|11779000.0|14815000.0|14815000.0|0.0|14815000.0|5760000.0|9055000.0|0.0|9055000.0|9055000.0|0.0|0.87|0.87|0.87|10459924.0|10459924.0|0.0|5169000.0|-496000.0|-131896000.0|0.0|146845000.0|35142000.0|0.0|-4393000.0|0.0|20118000.0|731074000.0|||60240000.0|60240000.0|1174000.0|0.0|0.0|542856000.0|||52193000.0|52193000.0|2635000.0|188218000.0|188218000.0|184506000.0|231000.0|17.9942034||2.88418748|1.0|14319000.0|14319000.0|5169000.0|0.49417185|723027000.0|731074000.0|69.89285964|
2016-06-30|24902000.0|24902000.0|0.0|24902000.0|0.0|10437000.0|14068000.0|14068000.0|0.0|14068000.0|5420000.0|8648000.0|0.0|8648000.0|8648000.0|0.0|0.83|0.83|0.83|10399393.0|10399393.0|0.44|9685000.0|-129000.0|-117109000.0|0.0|152278000.0|-2000000.0|-2360000.0|-4603000.0|0.0|44854000.0|888176000.0|||105094000.0|105094000.0|1333000.0|0.0|0.0|697154000.0|||44449000.0|44449000.0|1697000.0|191022000.0|191022000.0|187334000.0|1345000.0|18.36857209||3.64960057|1.0|13939000.0|13939000.0|9685000.0|0.93130436|827531000.0|888176000.0|85.40652325|
