Date|REVENUE|REVENUEUSD|COR|GP|RND|SGNA|EBIT|EBITUSD|INTEXP|EBT|TAXEXP|NETINC|PREFDIVIS|NETINCCMN|NETINCCMNUSD|NETINCDIS|EPS|EPSUSD|EPSDIL|SHARESWA|SHARESWADIL|DPS|NCFO|DEPAMOR|NCFI|CAPEX|NCFF|NCFDEBT|NCFCOMMON|NCFDIV|NCFX|NCF|ASSETS|ASSETSC|ASSETSNC|CASHNEQ|CASHNEQUSD|RECEIVABLES|INTANGIBLES|INVENTORY|LIABILITIES|LIABILITIESC|LIABILITIESNC|DEBT|DEBTUSD|PAYABLES|EQUITY|EQUITYUSD|RETEARN|ACCOCI|BVPS|CURRENTRATIO|DE|DILUTIONRATIO|EBITDA|EBITDAUSD|FCF|FCFPS|INVCAP|TANGIBLES|TBVPS|WORKINGCAPITAL
2009-04-30|3192000000.0|3192000000.0|1615000000.0|1577000000.0|0.0|931000000.0|667000000.0|667000000.0|37000000.0|630000000.0|195000000.0|435000000.0|0.0|435000000.0|435000000.0|0.0|0.96|0.96|0.96|||0.37|491000000.0|55000000.0|-37000000.0|-54000000.0|-216000000.0|-6000000.0|-45000000.0|-169000000.0|-17000000.0|221000000.0|3475000000.0|1574000000.0|1901000000.0|340000000.0|340000000.0|367000000.0|1361000000.0|652000000.0|1659000000.0|836000000.0|823000000.0|999000000.0|999000000.0|326000000.0|1816000000.0|1816000000.0|2189000000.0|-133000000.0||1.88277512|0.91354626||722000000.0|722000000.0|437000000.0||1937000000.0|2114000000.0||738000000.0
2010-04-30|3226000000.0|3226000000.0|1615000000.0|1611000000.0|0.0|889000000.0|713000000.0|713000000.0|31000000.0|682000000.0|233000000.0|449000000.0|0.0|449000000.0|449000000.0|0.0|1.01|1.01|1.01|440655234.0||0.39|545000000.0|59000000.0|-35000000.0|-35000000.0|-637000000.0|-302000000.0|-164000000.0|-174000000.0|19000000.0|-108000000.0|3383000000.0|1527000000.0|1856000000.0|232000000.0|232000000.0|418000000.0|1335000000.0|651000000.0|1488000000.0|546000000.0|942000000.0|699000000.0|699000000.0|342000000.0|1895000000.0|1895000000.0|2464000000.0|-176000000.0|4.30041414|2.7967033|0.78522427||772000000.0|772000000.0|510000000.0|1.15736739|1969000000.0|2048000000.0|4.64762436|981000000.0
2011-04-30|3404000000.0|3404000000.0|1680000000.0|1724000000.0|0.0|940000000.0|858000000.0|858000000.0|29000000.0|829000000.0|257000000.0|572000000.0|0.0|572000000.0|572000000.0|0.0|1.3|1.3|1.3|435555354.0||0.75|527000000.0|56000000.0|203000000.0|-30000000.0|-406000000.0|55000000.0|-143000000.0|-326000000.0|11000000.0|335000000.0|3712000000.0|1976000000.0|1736000000.0|567000000.0|567000000.0|496000000.0|1295000000.0|647000000.0|1652000000.0|707000000.0|945000000.0|759000000.0|759000000.0|412000000.0|2060000000.0|2060000000.0|2710000000.0|-131000000.0|4.72959403|2.79490806|0.80194175||914000000.0|914000000.0|497000000.0|1.14107196|1902000000.0|2417000000.0|5.54923726|1269000000.0
2012-04-30|3614000000.0|3614000000.0|1819000000.0|1795000000.0|0.0|1005000000.0|791000000.0|791000000.0|31000000.0|760000000.0|247000000.0|513000000.0|0.0|513000000.0|513000000.0|0.0|1.2|1.2|1.19|426038154.0||0.45|516000000.0|49000000.0|-68000000.0|-61000000.0|-662000000.0|-248000000.0|-230000000.0|-192000000.0|-15000000.0|-229000000.0|3477000000.0|1749000000.0|1728000000.0|338000000.0|338000000.0|475000000.0|1285000000.0|712000000.0|1408000000.0|404000000.0|1004000000.0|510000000.0|510000000.0|386000000.0|2069000000.0|2069000000.0|3031000000.0|-230000000.0|4.85637256|4.32920792|0.68052199||840000000.0|840000000.0|455000000.0|1.06797947|1960000000.0|2192000000.0|5.1450791|1345000000.0
2013-04-30|3784000000.0|3784000000.0|1829000000.0|1955000000.0|0.0|1058000000.0|901000000.0|901000000.0|36000000.0|865000000.0|274000000.0|591000000.0|0.0|591000000.0|591000000.0|0.0|1.39|1.39|1.38|427231578.0||0.49|537000000.0|51000000.0|-97000000.0|-96000000.0|-576000000.0|486000000.0|-16000000.0|-1063000000.0|2000000.0|-134000000.0|3626000000.0|1821000000.0|1805000000.0|204000000.0|204000000.0|548000000.0|1285000000.0|827000000.0|1998000000.0|473000000.0|1525000000.0|1002000000.0|1002000000.0|451000000.0|1628000000.0|1628000000.0|2500000000.0|-211000000.0|3.81057975|3.84989429|1.22727273||952000000.0|952000000.0|441000000.0|1.03222707|2666000000.0|2341000000.0|5.47946388|1348000000.0
2014-04-30|3946000000.0|3946000000.0|1868000000.0|2078000000.0|0.0|1122000000.0|973000000.0|973000000.0|26000000.0|947000000.0|288000000.0|659000000.0|0.0|659000000.0|659000000.0|0.0|1.54|1.54|1.53|426571028.0||0.54|649000000.0|50000000.0|-127000000.0|-126000000.0|-288000000.0|3000000.0|-68000000.0|-233000000.0|-1000000.0|233000000.0|4103000000.0|2177000000.0|1926000000.0|437000000.0|437000000.0|569000000.0|1297000000.0|882000000.0|2071000000.0|561000000.0|1510000000.0|1005000000.0|1005000000.0|474000000.0|2032000000.0|2032000000.0|2894000000.0|-188000000.0|4.76356777|3.88057041|1.01919291||1023000000.0|1023000000.0|523000000.0|1.22605607|2813000000.0|2806000000.0|6.57803699|1616000000.0
2015-04-30|4096000000.0|4096000000.0|1913000000.0|2183000000.0|0.0|1134000000.0|1029000000.0|1029000000.0|27000000.0|1002000000.0|318000000.0|684000000.0|0.0|684000000.0|684000000.0|0.0|1.61|1.61|1.6|421156660.0||0.6|608000000.0|51000000.0|-125000000.0|-121000000.0|-531000000.0|183000000.0|-476000000.0|-256000000.0|-19000000.0|-67000000.0|4188000000.0|2254000000.0|1934000000.0|370000000.0|370000000.0|583000000.0|1218000000.0|953000000.0|2283000000.0|958000000.0|1325000000.0|1183000000.0|1183000000.0|497000000.0|1905000000.0|1905000000.0|3300000000.0|-300000000.0|4.52325745|2.35281837|1.1984252||1080000000.0|1080000000.0|487000000.0|1.15633931|2825000000.0|2970000000.0|7.05200768|1296000000.0
2016-04-30|4011000000.0|4011000000.0|1867000000.0|2144000000.0|0.0|1105000000.0|1535000000.0|1535000000.0|46000000.0|1489000000.0|422000000.0|1067000000.0|0.0|1067000000.0|1067000000.0|0.0|2.63|2.63|2.61|400097336.0||0.66|524000000.0|56000000.0|433000000.0|-110000000.0|-1060000000.0|315000000.0|-1124000000.0|-266000000.0|-4000000.0|-107000000.0|4183000000.0|2233000000.0|1950000000.0|263000000.0|263000000.0|559000000.0|1185000000.0|1054000000.0|2621000000.0|791000000.0|1830000000.0|1501000000.0|1501000000.0|501000000.0|1562000000.0|1562000000.0|4065000000.0|-350000000.0|3.90404999|2.82300885|1.67797695||1591000000.0|1591000000.0|414000000.0|1.0347482|3445000000.0|2998000000.0|7.49317661|1442000000.0
