Date|REVENUE|REVENUEUSD|COR|GP|RND|SGNA|EBIT|EBITUSD|INTEXP|EBT|TAXEXP|NETINC|PREFDIVIS|NETINCCMN|NETINCCMNUSD|NETINCDIS|EPS|EPSUSD|EPSDIL|SHARESWA|SHARESWADIL|DPS|NCFO|DEPAMOR|NCFI|CAPEX|NCFF|NCFDEBT|NCFCOMMON|NCFDIV|NCFX|NCF|ASSETS|ASSETSC|ASSETSNC|CASHNEQ|CASHNEQUSD|RECEIVABLES|INTANGIBLES|INVENTORY|LIABILITIES|LIABILITIESC|LIABILITIESNC|DEBT|DEBTUSD|PAYABLES|EQUITY|EQUITYUSD|RETEARN|ACCOCI|BVPS|CURRENTRATIO|DE|DILUTIONRATIO|EBITDA|EBITDAUSD|FCF|FCFPS|INVCAP|TANGIBLES|TBVPS|WORKINGCAPITAL
2009-06-30|5417815.0|5417815.0|5771147.0|-353332.0|958665.0|5158584.0|-6085534.0|-6085534.0|75307.0|-6160841.0|0.0|-6160841.0|0.0|-6160841.0|-6160841.0|0.0|-0.27|-0.27|-0.27|22942088.0|22942088.0|0.0|-3948936.0|1206935.0|2221866.0|-57778.0|-102219.0|-97484.0|-4735.0|0.0|0.0|-1829289.0|11741566.0|6357455.0|5384111.0|3169359.0|3169359.0|746568.0|0.0|789246.0|1778516.0|1049022.0|729494.0|337460.0|337460.0|416993.0|9963050.0|9963050.0|-37869764.0|0.0|0.43426954|6.06036384|0.1785112|1.0|-4878599.0|-4878599.0|-4006714.0|-0.1746447|7860645.0|11741566.0|0.51179152|5308433.0
2010-06-30|5286084.0|5286084.0|4560287.0|725797.0|340959.0|4393738.0|-3997467.0|-3997467.0|36389.0|-4033856.0|0.0|-4033856.0|10632.0|-4044488.0|-4044488.0|0.0|-0.18|-0.18|-0.18|22960421.0|22960421.0|0.0|-2686403.0|953243.0|1644818.0|-21742.0|-270290.0|-157465.0|30333.0|0.0|0.0|-1311875.0|7942795.0|3516787.0|4426008.0|1859023.0|1859023.0|900264.0|0.0|681677.0|1746914.0|1010973.0|735941.0|179995.0|179995.0|404401.0|6195881.0|6195881.0|-41903620.0|0.0|0.2698505|3.47861615|0.28194764|1.0|-3044224.0|-3044224.0|-2708145.0|-0.1179484|5252794.0|7942795.0|0.34593421|2505814.0
2011-06-30|5238973.0|5238973.0|4081556.0|1157417.0|465333.0|3655072.0|-2625607.0|-2625607.0|216606.0|-2842213.0|0.0|-2842213.0|10632.0|-2852845.0|-2852845.0|0.0|-0.11|-0.11|-0.11|25131563.0|25131563.0|0.0|-2418910.0|888568.0|-157869.0|-137496.0|3010164.0|-179995.0|3200791.0|0.0|0.0|433385.0|7888895.0|4221993.0|3666902.0|2293063.0|2293063.0|1218736.0|0.0|749849.0|1436379.0|774198.0|662181.0|0.0|0.0|372259.0|6452516.0|6452516.0|-44745833.0|0.0|0.25674949|5.45337627|0.22260758|1.0|-1737039.0|-1737039.0|-2556406.0|-0.10172093|4821634.0|7888895.0|0.31390387|3447795.0
2012-06-30|5071088.0|5071088.0|4367884.0|703204.0|730579.0|3570595.0|-3427223.0|-3427223.0|61682.0|-3488905.0|0.0|-3488905.0|10632.0|-3499537.0|-3499537.0|0.0|-0.12|-0.12|-0.12|28621831.0|28621831.0|0.0|-2447775.0|847115.0|-95515.0|-55057.0|3103747.0|0.0|3114379.0|0.0|0.0|560457.0|7505482.0|4136153.0|3369329.0|2853738.0|2853738.0|874981.0|0.0|914103.0|1687290.0|648992.0|1038298.0|0.0|0.0|389105.0|5818192.0|5818192.0|-48234738.0|0.0|0.20327812|6.37319566|0.29000246|1.0|-2580108.0|-2580108.0|-2502832.0|-0.08744486|4002752.0|7505482.0|0.26222928|3487161.0
2013-06-30|4525233.0|4525233.0|4375057.0|150176.0|627107.0|3590322.0|-3856589.0|-3856589.0|7.0|-3856596.0|0.0|-3856596.0|10632.0|-3867228.0|-3867228.0|0.0|-0.11|-0.11|-0.11|34423420.0|34423420.0|0.0|-3056267.0|770449.0|-12816.0|-6576.0|3296299.0|0.0|3306931.0|0.0|0.0|227216.0|7055356.0|4443660.0|2611696.0|3081076.0|3081076.0|935282.0|0.0|875329.0|1689110.0|792868.0|896242.0|0.0|0.0|432566.0|5366246.0|5366246.0|-52091334.0|0.0|0.15588939|5.60453947|0.31476567|1.0|-3086140.0|-3086140.0|-3062843.0|-0.08897556|3181412.0|7055356.0|0.20495802|3650792.0
2014-06-30|4219158.0|4219158.0|4415629.0|-196471.0|668803.0|3722944.0|-5958239.0|-5958239.0|883.0|-5959122.0|0.0|-5959122.0|737010.0|-6696132.0|-6696132.0|0.0|-0.16|-0.16|-0.16|42675158.0|42675158.0|0.0|-3228221.0|715585.0|-15441156.0|-19029.0|23449523.0|0.0|21981452.0|0.0|0.0|4780146.0|26549255.0|19214900.0|7334355.0|23265591.0|23265591.0|966131.0|0.0|829495.0|2593487.0|1153927.0|1439560.0|0.0|0.0|574855.0|23955768.0|23955768.0|-58050456.0|0.0|0.56135159|16.6517466|0.10826148|1.0|-5242654.0|-5242654.0|-3247250.0|-0.07609228|2129737.0|26549255.0|0.62212435|18060973.0
2015-06-30|4606539.0|4606539.0|4439146.0|167393.0|614771.0|3888809.0|-3678837.0|-3678837.0|2214.0|-3681051.0|0.0|-3681051.0|10632.0|-3691683.0|-3691683.0|0.0|-0.07|-0.07|-0.07|54882350.0|54882350.0|0.0|-3521858.0|613367.0|783660.0|-133305.0|284865.0|0.0|295497.0|0.0|0.0|-2453333.0|23003284.0|16325522.0|6677762.0|19877351.0|19877351.0|1068656.0|0.0|973809.0|2221043.0|1092194.0|1128849.0|0.0|0.0|498253.0|20782241.0|20782241.0|-61731507.0|0.0|0.37866893|14.94745622|0.10687216|1.0|-3065470.0|-3065470.0|-3655163.0|-0.06659997|2033739.0|23003284.0|0.4191381|15233328.0
2016-06-30|4769276.0|4769276.0|4640122.0|129154.0|528049.0|5139392.0|-4709858.0|-4709858.0|950.0|-4710808.0|0.0|-4710808.0|10632.0|-4721440.0|-4721440.0|0.0|-0.09|-0.09|-0.09|55014922.0|55014922.0|0.0|-3884000.0|577888.0|8756978.0|-479215.0|39308.0|0.0|49940.0|0.0|0.0|4912286.0|18102000.0|13629000.0|4473000.0|15540000.0|15540000.0|605000.0|0.0|925000.0|1701000.0|1094000.0|607000.0|0.0|0.0|612000.0|16401000.0|16401000.0|-66442000.0|0.0|0.29811912|12.45795247|0.10371319|1.0|-4131970.0|-4131970.0|-4363215.0|-0.07930966|1468000.0|18102000.0|0.329038|12535000.0
