Date|REVENUE|REVENUEUSD|COR|GP|RND|SGNA|EBIT|EBITUSD|INTEXP|EBT|TAXEXP|NETINC|PREFDIVIS|NETINCCMN|NETINCCMNUSD|NETINCDIS|EPS|EPSUSD|EPSDIL|SHARESWA|SHARESWADIL|DPS|NCFO|DEPAMOR|NCFI|CAPEX|NCFF|NCFDEBT|NCFCOMMON|NCFDIV|NCFX|NCF|ASSETS|ASSETSC|ASSETSNC|CASHNEQ|CASHNEQUSD|RECEIVABLES|INTANGIBLES|INVENTORY|LIABILITIES|LIABILITIESC|LIABILITIESNC|DEBT|DEBTUSD|PAYABLES|EQUITY|EQUITYUSD|RETEARN|ACCOCI|BVPS|CURRENTRATIO|DE|DILUTIONRATIO|EBITDA|EBITDAUSD|FCF|FCFPS|INVCAP|TANGIBLES|TBVPS|WORKINGCAPITAL
2009-05-31|195054000.0|195054000.0|74989000.0|120065000.0|17914000.0|76921000.0|15883000.0|15883000.0|731000.0|15152000.0|5220000.0|9932000.0|0.0|9932000.0|9932000.0|0.0|0.41|0.41|0.41|24363000.0|24513000.0|0.0|19942000.0|11813000.0|-15699000.0|-4361000.0|-8266000.0|-10040000.0|1774000.0|0.0|-108000.0|-4131000.0|408703000.0|148598000.0|260105000.0|27909000.0|27909000.0|27181000.0|229744000.0|36928000.0|36509000.0|29699000.0|6810000.0|7075000.0|7075000.0|13152000.0|372194000.0|372194000.0|14840000.0|-905000.0|15.27701843|5.00346813|0.09809132|1.00615688|27696000.0|27696000.0|15581000.0|0.63953536|128426000.0|178959000.0|7.34552395|118899000.0
2010-05-31|216035000.0|216035000.0|89066000.0|126969000.0|19275000.0|77360000.0|20291000.0|20291000.0|672000.0|19619000.0|7307000.0|12312000.0|0.0|12312000.0|12312000.0|0.0|0.5|0.5|0.5|24580000.0|24787000.0|0.0|39959000.0|12459000.0|-11777000.0|-5042000.0|2718000.0|-265000.0|2875000.0|0.0|-46000.0|30854000.0|423925000.0|171360000.0|252565000.0|58763000.0|58763000.0|29838000.0|220326000.0|29216000.0|32576000.0|26026000.0|6550000.0|6810000.0|6810000.0|12044000.0|391349000.0|391349000.0|27152000.0|-1394000.0|15.9214402|6.58418505|0.08324028|1.00842148|32750000.0|32750000.0|34917000.0|1.42054516|125620000.0|203599000.0|8.28311635|145334000.0
2011-05-31|215750000.0|215750000.0|90047000.0|125703000.0|21373000.0|75951000.0|11197000.0|11197000.0|499000.0|10698000.0|2581000.0|8117000.0|0.0|8117000.0|8117000.0|0.0|0.33|0.33|0.32|24870000.0|25133000.0|0.0|33870000.0|12579000.0|-48620000.0|-2957000.0|1922000.0|-260000.0|2080000.0|0.0|49000.0|-12779000.0|437421000.0|194305000.0|243116000.0|45984000.0|45984000.0|27141000.0|209988000.0|28126000.0|31782000.0|25507000.0|6275000.0|6550000.0|6550000.0|11391000.0|405639000.0|405639000.0|35269000.0|-1273000.0|16.31037394|7.61771278|0.07835045|1.01057499|23776000.0|23776000.0|30913000.0|1.24298351|162492000.0|227433000.0|9.14487334|168798000.0
2012-05-31|221917000.0|221917000.0|96608000.0|125309000.0|20511000.0|83538000.0|-4914000.0|-4914000.0|508000.0|-5422000.0|-239000.0|-5183000.0|0.0|-5183000.0|-5183000.0|0.0|-0.2|-0.2|-0.2|25382000.0|25382000.0|0.0|11602000.0|14676000.0|-176234000.0|-2492000.0|142338000.0|143450000.0|1252000.0|0.0|49000.0|-22245000.0|721769000.0|159238000.0|562531000.0|23508000.0|23508000.0|51088000.0|456178000.0|55823000.0|198249000.0|55422000.0|142827000.0|150000000.0|150000000.0|29200000.0|523520000.0|523520000.0|30175000.0|-1274000.0|20.62564022|2.87319115|0.37868467|1.0|9762000.0|9762000.0|9110000.0|0.35891577|336661000.0|265591000.0|10.46375384|103816000.0
2013-05-31|341916000.0|341916000.0|173402000.0|168514000.0|26319000.0|102307000.0|3684000.0|3684000.0|5271000.0|-1587000.0|-376000.0|-1211000.0|0.0|-1211000.0|-1211000.0|0.0|-0.03|-0.03|-0.03|34817000.0|34817000.0|0.0|26652000.0|27227000.0|-22238000.0|-12120000.0|-6286000.0|-7500000.0|1214000.0|0.0|-65000.0|-1937000.0|790734000.0|141154000.0|649580000.0|21802000.0|21802000.0|47681000.0|570310000.0|55079000.0|264632000.0|63315000.0|201317000.0|142500000.0|142500000.0|24470000.0|526102000.0|526102000.0|28835000.0|-1534000.0|15.110492|2.22939272|0.50300512|1.0|30911000.0|30911000.0|14532000.0|0.41738231|277807000.0|220424000.0|6.33093029|77839000.0
2014-05-31|354425000.0|354425000.0|174251000.0|180174000.0|28124000.0|112207000.0|8842000.0|8842000.0|3656000.0|5186000.0|2839000.0|2347000.0|0.0|2347000.0|2347000.0|0.0|0.07|0.07|0.07|35136000.0|35440000.0|0.0|24681000.0|28329000.0|-16448000.0|-11172000.0|-14016000.0|160000.0|2444000.0|0.0|86000.0|-5697000.0|798891000.0|151722000.0|647169000.0|16105000.0|16105000.0|61968000.0|565729000.0|61234000.0|262056000.0|66753000.0|195303000.0|142660000.0|142660000.0|32895000.0|536835000.0|536835000.0|31501000.0|-1269000.0|15.27877391|2.27288661|0.48814999|1.00865209|37171000.0|37171000.0|13509000.0|0.38447746|292964000.0|233162000.0|6.63598588|84969000.0
2015-05-31|356534000.0|356534000.0|180738000.0|175796000.0|26594000.0|112382000.0|-4934000.0|-4934000.0|3197000.0|-8131000.0|-4743000.0|-3388000.0|0.0|-3388000.0|-3388000.0|0.0|-0.09|-0.09|-0.09|35683000.0|35683000.0|0.0|25685000.0|29861000.0|-12736000.0|-11383000.0|-10465000.0|-5000000.0|5757000.0|0.0|-198000.0|2286000.0|773058000.0|150798000.0|622260000.0|18391000.0|18391000.0|58428000.0|542904000.0|67388000.0|227959000.0|60515000.0|167444000.0|137660000.0|137660000.0|23048000.0|545099000.0|545099000.0|27575000.0|-833000.0|15.27615391|2.4919111|0.41819743|1.0|24927000.0|24927000.0|14302000.0|0.40080711|288908000.0|230154000.0|6.44996217|90283000.0
2016-05-31|353890000.0|353890000.0|179574000.0|174316000.0|25053000.0|114326000.0|143000.0|143000.0|3396000.0|-3253000.0|40337000.0|-43590000.0|0.0|-43590000.0|-43590000.0|0.0|-1.21|-1.21|-1.21|36161000.0|36161000.0|0.0|45216000.0|28115000.0|-7569000.0|-2326000.0|-23663000.0|-16250000.0|2437000.0|0.0|-42000.0|13942000.0|726194000.0|146254000.0|579940000.0|32333000.0|32333000.0|52867000.0|527829000.0|55370000.0|218966000.0|66727000.0|152239000.0|120541000.0|120541000.0|15616000.0|507228000.0|507228000.0|-16015000.0|-791000.0|14.0269351|2.1918264|0.43169147|1.0|28258000.0|28258000.0|42890000.0|1.18608446|219846000.0|198365000.0|5.48560604|79527000.0
