Date|REVENUE|REVENUEUSD|COR|GP|RND|SGNA|EBIT|EBITUSD|INTEXP|EBT|TAXEXP|NETINC|PREFDIVIS|NETINCCMN|NETINCCMNUSD|NETINCDIS|EPS|EPSUSD|EPSDIL|SHARESWA|SHARESWADIL|DPS|NCFO|DEPAMOR|NCFI|CAPEX|NCFF|NCFDEBT|NCFCOMMON|NCFDIV|NCFX|NCF|ASSETS|ASSETSC|ASSETSNC|CASHNEQ|CASHNEQUSD|RECEIVABLES|INTANGIBLES|INVENTORY|LIABILITIES|LIABILITIESC|LIABILITIESNC|DEBT|DEBTUSD|PAYABLES|EQUITY|EQUITYUSD|RETEARN|ACCOCI|BVPS|CURRENTRATIO|DE|DILUTIONRATIO|EBITDA|EBITDAUSD|FCF|FCFPS|INVCAP|TANGIBLES|TBVPS|WORKINGCAPITAL
2009-06-30|1404834000.0|1404834000.0|644101000.0|760733000.0|0.0|555753000.0|-137876000.0|-137876000.0|20777000.0|-158653000.0|-51569000.0|-107084000.0|0.0|-107084000.0|-107084000.0|6410000.0|-2.38|-2.38|-2.38|45042000.0|45042000.0|0.9|180920000.0|67710000.0|-29057000.0|-23475000.0|-161597000.0|-105000000.0|-17523000.0|-39730000.0|0.0|-9734000.0|1669303000.0|340140000.0|1329163000.0|27910000.0|27910000.0|192367000.0|1028505000.0|28151000.0|1059920000.0|349216000.0|710704000.0|380000000.0|380000000.0|86381000.0|609383000.0|609383000.0|542006000.0|-31628000.0|13.52921718|0.97401035|1.73933306|1.0|-70166000.0|-70166000.0|157445000.0|3.4955153|643672000.0|640798000.0|14.22667732|-9076000.0
2010-06-30|1382831000.0|1382831000.0|572292000.0|810539000.0|0.0|584528000.0|183502000.0|183502000.0|18584000.0|164918000.0|60955000.0|103963000.0|0.0|103963000.0|103963000.0|1671000.0|2.3|2.3|2.28|45289000.0|45544000.0|0.92|191651000.0|63459000.0|-52226000.0|-24721000.0|-118761000.0|-80000000.0|3299000.0|-41345000.0|0.0|20664000.0|1727316000.0|381427000.0|1345889000.0|48574000.0|48574000.0|223630000.0|1044521000.0|26807000.0|1038971000.0|438306000.0|600665000.0|300000000.0|300000000.0|109897000.0|688345000.0|688345000.0|604624000.0|-28005000.0|15.19894456|0.87022993|1.50937539|1.00563051|246961000.0|246961000.0|166930000.0|3.68588399|495915000.0|682795000.0|15.07639824|-56879000.0
2011-06-30|1400480000.0|1400480000.0|554101000.0|846379000.0|0.0|581543000.0|221144000.0|221144000.0|12969000.0|208175000.0|80743000.0|127432000.0|0.0|127432000.0|127432000.0|4178000.0|2.8|2.8|2.78|45497000.0|45832000.0|0.97|214535000.0|56653000.0|-70047000.0|-29906000.0|-165341000.0|-105000000.0|-16219000.0|-44240000.0|0.0|-20853000.0|1712829000.0|333738000.0|1379091000.0|27721000.0|27721000.0|212365000.0|1071427000.0|21529000.0|937844000.0|408992000.0|528852000.0|195000000.0|195000000.0|82878000.0|774985000.0|774985000.0|687816000.0|-16163000.0|17.03376047|0.81600129|1.21014471|1.00736312|277797000.0|277797000.0|184629000.0|4.05804778|399689000.0|641402000.0|14.09767677|-75254000.0
2012-06-30|1376687000.0|1376687000.0|547564000.0|829123000.0|0.0|599026000.0|185779000.0|185779000.0|12904000.0|172875000.0|68503000.0|104372000.0|0.0|104372000.0|104372000.0|0.0|2.33|2.33|2.31|44825000.0|45100000.0|1.4|181930000.0|56195000.0|-284682000.0|-35718000.0|100851000.0|185000000.0|-20973000.0|-62994000.0|0.0|-1901000.0|2016299000.0|359436000.0|1656863000.0|25820000.0|25820000.0|215526000.0|1320333000.0|22559000.0|1218854000.0|482586000.0|736268000.0|380000000.0|380000000.0|72911000.0|797445000.0|797445000.0|722778000.0|-23115000.0|17.79018405|0.74481232|1.52844898|1.00613497|241974000.0|241974000.0|146212000.0|3.26184049|567560000.0|695966000.0|15.52629113|-123150000.0
2013-06-30|1471340000.0|1471340000.0|561058000.0|910282000.0|0.0|654098000.0|210834000.0|210834000.0|13430000.0|197404000.0|73754000.0|123650000.0|0.0|123650000.0|123650000.0|0.0|2.78|2.78|2.74|44455000.0|45085000.0|1.58|189087000.0|55010000.0|-76159000.0|-25969000.0|-111074000.0|-30000000.0|-15215000.0|-70527000.0|0.0|1854000.0|2140059000.0|407692000.0|1732367000.0|27674000.0|27674000.0|232305000.0|1376769000.0|28386000.0|1285763000.0|456671000.0|829092000.0|350000000.0|350000000.0|78458000.0|854296000.0|854296000.0|775901000.0|-16341000.0|19.21709594|0.89274773|1.50505562|1.01417163|265844000.0|265844000.0|163118000.0|3.66928355|628945000.0|763290000.0|17.16994714|-48979000.0
2014-06-30|1468708000.0|1468708000.0|567024000.0|901684000.0|0.0|655241000.0|186515000.0|186515000.0|12176000.0|174339000.0|60798000.0|113541000.0|0.0|113541000.0|113541000.0|0.0|2.54|2.54|2.5|44636000.0|45410000.0|1.68|178090000.0|57511000.0|-442283000.0|-24822000.0|273106000.0|365000000.0|-19341000.0|-75392000.0|0.0|8913000.0|2543800000.0|493122000.0|2050678000.0|36587000.0|36587000.0|257644000.0|1657272000.0|24008000.0|1652148000.0|483103000.0|1169045000.0|715000000.0|715000000.0|81402000.0|891652000.0|891652000.0|814050000.0|-8758000.0|19.97607312|1.02073885|1.85290674|1.01734026|244026000.0|244026000.0|153268000.0|3.43373062|1081838000.0|886528000.0|19.86127789|10019000.0
2015-06-30|1594176000.0|1594176000.0|598941000.0|995235000.0|0.0|695319000.0|242112000.0|242112000.0|19352000.0|222760000.0|85969000.0|136791000.0|0.0|136791000.0|136791000.0|0.0|3.07|3.07|3.02|44522000.0|45323000.0|1.78|192347000.0|73122000.0|-206841000.0|-33245000.0|740000.0|80000000.0|-5513000.0|-79982000.0|0.0|-13754000.0|2843282000.0|482531000.0|2360751000.0|22833000.0|22833000.0|284646000.0|1975423000.0|24681000.0|1891432000.0|531001000.0|1360431000.0|795000000.0|795000000.0|93944000.0|951850000.0|951850000.0|870859000.0|-12648000.0|21.37931809|0.90871957|1.98711141|1.01799111|315234000.0|315234000.0|159102000.0|3.57355914|1109025000.0|867859000.0|19.49281254|-48470000.0
2016-06-30|1649628000.0|1649628000.0|611872000.0|1037756000.0|0.0|730074000.0|130609000.0|130609000.0|20402000.0|110207000.0|76270000.0|33937000.0|0.0|33937000.0|33937000.0|0.0|0.76|0.76|0.75|44606000.0|45357000.0|1.91|226597000.0|75887000.0|-31454000.0|-25035000.0|-193006000.0|-100000000.0|-10201000.0|-86090000.0|0.0|2137000.0|2626791000.0|481156000.0|2145635000.0|24970000.0|24970000.0|273927000.0|1801571000.0|20678000.0|1737748000.0|477892000.0|1259856000.0|693506000.0|693506000.0|82107000.0|889043000.0|889043000.0|818706000.0|-28501000.0|19.93101825|1.00683|1.95462762|1.0168363|206496000.0|206496000.0|201562000.0|4.51871945|1015864000.0|825220000.0|18.50020177|3264000.0
