Date|REVENUE|REVENUEUSD|COR|GP|RND|SGNA|EBIT|EBITUSD|INTEXP|EBT|TAXEXP|NETINC|PREFDIVIS|NETINCCMN|NETINCCMNUSD|NETINCDIS|EPS|EPSUSD|EPSDIL|SHARESWA|SHARESWADIL|DPS|NCFO|DEPAMOR|NCFI|CAPEX|NCFF|NCFDEBT|NCFCOMMON|NCFDIV|NCFX|NCF|ASSETS|ASSETSC|ASSETSNC|CASHNEQ|CASHNEQUSD|RECEIVABLES|INTANGIBLES|INVENTORY|LIABILITIES|LIABILITIESC|LIABILITIESNC|DEBT|DEBTUSD|PAYABLES|EQUITY|EQUITYUSD|RETEARN|ACCOCI|BVPS|CURRENTRATIO|DE|DILUTIONRATIO|EBITDA|EBITDAUSD|FCF|FCFPS|INVCAP|TANGIBLES|TBVPS|WORKINGCAPITAL
2009-03-31|185916000.0|185916000.0|134742000.0|51174000.0|19854000.0|44189000.0|-16502000.0|-16502000.0|15000.0|-16517000.0|77000.0|-16594000.0|0.0|-16594000.0|-16594000.0|206000.0|-0.24|-0.24|-0.24|69470000.0|69470000.0|0.0|-14704000.0|5821000.0|-3339000.0|-2291000.0|-1392000.0|121000.0|-1513000.0|0.0|-254000.0|-19689000.0|115564000.0|94550000.0|21014000.0|46058000.0|46058000.0|20827000.0|6342000.0|20178000.0|39116000.0|29491000.0|9625000.0|0.0|0.0|17883000.0|76448000.0|76448000.0|-319370000.0|-206000.0|1.10044624|3.20606287|0.51166806|1.0|-10681000.0|-10681000.0|-16995000.0|-0.24463797|33673000.0|109222000.0|1.57221822|65059000.0
2010-03-31|139764000.0|139764000.0|102374000.0|37390000.0|11363000.0|19790000.0|9517000.0|9517000.0|4000.0|9513000.0|-814000.0|10327000.0|0.0|10327000.0|10327000.0|-4252000.0|0.15|0.15|0.15|67987000.0|68573000.0|0.0|17506000.0|3793000.0|-948000.0|-948000.0|-1468000.0|-43000.0|-1425000.0|0.0|167000.0|15257000.0|121834000.0|104532000.0|17302000.0|61315000.0|61315000.0|17683000.0|6225000.0|21258000.0|34103000.0|25258000.0|8845000.0|0.0|0.0|15195000.0|87731000.0|87731000.0|-309043000.0|645000.0|1.29040846|4.13856996|0.38872234|1.00861929|13310000.0|13310000.0|16558000.0|0.24354656|29036000.0|115609000.0|1.70045744|79274000.0
2011-03-31|147849000.0|147849000.0|106297000.0|41552000.0|11774000.0|19436000.0|14632000.0|14632000.0|0.0|14632000.0|-53304000.0|67936000.0|0.0|67936000.0|67936000.0|-4815000.0|1.0|1.0|0.98|67848000.0|69477000.0|0.0|24235000.0|2700000.0|-1275000.0|-785000.0|2019000.0|0.0|2055000.0|0.0|114000.0|25093000.0|201387000.0|150742000.0|50645000.0|86408000.0|86408000.0|24252000.0|5670000.0|12955000.0|42106000.0|34387000.0|7719000.0|0.0|0.0|23664000.0|159281000.0|159281000.0|-240854000.0|965000.0|2.34761526|4.38369151|0.26435042|1.02400955|17332000.0|17332000.0|23450000.0|0.34562552|74922000.0|195717000.0|2.88463919|116355000.0
2012-03-31|43629000.0|43629000.0|26457000.0|17172000.0|5460000.0|12839000.0|41296000.0|41296000.0|0.0|41296000.0|-686000.0|41982000.0|0.0|41982000.0|41982000.0|-42912000.0|0.63|0.63|0.63|66657000.0|66657000.0|0.0|-4956000.0|2053000.0|55150000.0|-819000.0|-15673000.0|0.0|-15701000.0|0.0|-97000.0|34424000.0|197426000.0|161669000.0|35757000.0|128283000.0|128283000.0|5710000.0|3529000.0|9906000.0|11062000.0|6470000.0|4592000.0|0.0|0.0|3142000.0|186364000.0|186364000.0|-198872000.0|619000.0|2.7958654|24.98748068|0.05935696|1.0|43349000.0|43349000.0|-5775000.0|-0.08663756|59144000.0|193897000.0|2.90887679|155199000.0
2013-03-31|38808000.0|38808000.0|26192000.0|12616000.0|5928000.0|16093000.0|-14646000.0|-14646000.0|0.0|-14646000.0|29392000.0|-44038000.0|0.0|-44038000.0|-44038000.0|1496000.0|-0.73|-0.73|-0.73|59944000.0|59944000.0|0.0|-12125000.0|1381000.0|-7831000.0|-379000.0|-12646000.0|0.0|-12646000.0|0.0|3000.0|-32599000.0|142437000.0|135798000.0|6639000.0|90733000.0|90733000.0|6689000.0|5063000.0|12223000.0|11360000.0|8079000.0|3281000.0|0.0|0.0|4126000.0|131077000.0|131077000.0|-242910000.0|608000.0|2.18665755|16.80876346|0.08666662|1.0|-13265000.0|-13265000.0|-12504000.0|-0.20859469|38562000.0|137374000.0|2.29170559|127719000.0
2014-03-31|102073000.0|102073000.0|61612000.0|40461000.0|11339000.0|27331000.0|-3534000.0|-3534000.0|0.0|-3534000.0|-7910000.0|4376000.0|0.0|4376000.0|4376000.0|45000.0|0.07|0.07|0.07|58786000.0|60048000.0|0.0|1597000.0|5511000.0|-55348000.0|-443000.0|1318000.0|0.0|1318000.0|0.0|-7000.0|-52440000.0|160874000.0|94379000.0|66495000.0|35793000.0|35793000.0|15831000.0|63421000.0|24056000.0|21682000.0|18721000.0|2961000.0|0.0|0.0|7508000.0|139192000.0|139192000.0|-237984000.0|608000.0|2.36777464|5.04134395|0.15577045|1.0214677|1977000.0|1977000.0|1154000.0|0.01963052|42939000.0|97453000.0|1.65775865|75658000.0
2015-03-31|84127000.0|84127000.0|57317000.0|26810000.0|17348000.0|27085000.0|-59103000.0|-59103000.0|0.0|-59103000.0|-201000.0|-58902000.0|0.0|-58902000.0|-58902000.0|-139000.0|-0.98|-0.98|-0.98|59985000.0|59985000.0|0.0|-9287000.0|7416000.0|-10763000.0|-2137000.0|-1710000.0|0.0|-606000.0|0.0|-7000.0|-21767000.0|99334000.0|69531000.0|29803000.0|14026000.0|14026000.0|11845000.0|25942000.0|16205000.0|17595000.0|14347000.0|3248000.0|0.0|0.0|4011000.0|81739000.0|81739000.0|-297436000.0|608000.0|1.36265733|4.84637903|0.21525832|1.0|-51687000.0|-51687000.0|-11424000.0|-0.19044761|45019000.0|73392000.0|1.22350588|55184000.0
2016-03-31|88203000.0|88203000.0|53687000.0|34516000.0|19317000.0|25653000.0|-16314000.0|-16314000.0|0.0|-16314000.0|-102000.0|-16212000.0|0.0|-16212000.0|-16212000.0|-273000.0|-0.27|-0.27|-0.27|60786000.0|60786000.0|0.0|-5607000.0|7098000.0|11683000.0|-1932000.0|-916000.0|0.0|-108000.0|0.0|-17000.0|5143000.0|86031000.0|61483000.0|24548000.0|19169000.0|19169000.0|16361000.0|20388000.0|13498000.0|19347000.0|17237000.0|2110000.0|0.0|0.0|8167000.0|66684000.0|66684000.0|-313735000.0|608000.0|1.09702892|3.56692|0.29012957|1.0|-9216000.0|-9216000.0|-7539000.0|-0.12402527|29237000.0|65643000.0|1.07990327|44246000.0
