Date|REVENUE|REVENUEUSD|COR|GP|RND|SGNA|EBIT|EBITUSD|INTEXP|EBT|TAXEXP|NETINC|PREFDIVIS|NETINCCMN|NETINCCMNUSD|NETINCDIS|EPS|EPSUSD|EPSDIL|SHARESWA|SHARESWADIL|DPS|NCFO|DEPAMOR|NCFI|CAPEX|NCFF|NCFDEBT|NCFCOMMON|NCFDIV|NCFX|NCF|ASSETS|ASSETSC|ASSETSNC|CASHNEQ|CASHNEQUSD|RECEIVABLES|INTANGIBLES|INVENTORY|LIABILITIES|LIABILITIESC|LIABILITIESNC|DEBT|DEBTUSD|PAYABLES|EQUITY|EQUITYUSD|RETEARN|ACCOCI|BVPS|CURRENTRATIO|DE|DILUTIONRATIO|EBITDA|EBITDAUSD|FCF|FCFPS|INVCAP|TANGIBLES|TBVPS|WORKINGCAPITAL
2009-03-31|77466000.0|77466000.0|21423000.0|56043000.0|188000.0|17818000.0|-10887000.0|-10887000.0|26481000.0|-37368000.0|0.0|-37368000.0|50000.0|-37418000.0|-37418000.0|0.0|-13.6|-13.6|-13.6|2747642.0|2747642.0|0.0|33818000.0|36642000.0|-34236000.0|-23735000.0|-13409000.0|-17168000.0|0.0|0.0|0.0|-13827000.0|322397000.0|46534000.0|275863000.0|26584000.0|26584000.0|20143000.0|20621000.0|0.0|283610000.0|51933000.0|231677000.0|251399000.0|251399000.0|14591000.0|38787000.0|38787000.0|-138110000.0|0.0|14.11646787|0.89603913|7.31198597|1.0|25755000.0|25755000.0|10083000.0|3.66969205|474658000.0|301776000.0|109.83090228|-5399000.0
2010-03-31|69035000.0|69035000.0|16535000.0|52500000.0|260000.0|16134000.0|4155000.0|4155000.0|33663000.0|-29508000.0|0.0|-29508000.0|400000.0|-29908000.0|-29908000.0|1022000.0|-10.3|-10.3|-10.3|2862415.0|2862415.0|0.0|9948000.0|36672000.0|-19394000.0|-15067000.0|2712000.0|2743000.0|0.0|0.0|0.0|-6734000.0|297147000.0|45955000.0|251192000.0|16262000.0|16262000.0|20315000.0|17424000.0|0.0|285855000.0|46788000.0|239067000.0|243319000.0|243319000.0|7761000.0|11292000.0|11292000.0|-168018000.0|-67000.0|3.94492064|0.98219629|25.31482465|1.0|40827000.0|40827000.0|-5119000.0|-1.78835005|459992000.0|279723000.0|97.72272714|-833000.0
2011-03-31|58439000.0|58439000.0|4329000.0|54110000.0|256000.0|11777000.0|-2245000.0|-2245000.0|26991000.0|-29236000.0|0.0|-29236000.0|394000.0|-29630000.0|-29630000.0|7615000.0|-9.6|-9.6|-9.6|3079410.0|3079410.0|0.0|30075000.0|37963000.0|-41067000.0|-43923000.0|12646000.0|11571000.0|1141000.0|0.0|0.0|1654000.0|307488000.0|65506000.0|241982000.0|16499000.0|16499000.0|22233000.0|9824000.0|0.0|305701000.0|51793000.0|253908000.0|270736000.0|270736000.0|7625000.0|1787000.0|1787000.0|-197648000.0|-95000.0|0.58030597|1.26476551|171.06939004|1.0|35718000.0|35718000.0|-13848000.0|-4.49696533|500108000.0|297664000.0|96.6626724|13713000.0
2012-03-31|76557000.0|76557000.0|7042000.0|69515000.0|175000.0|15717000.0|6859000.0|6859000.0|29899000.0|-23040000.0|0.0|-23040000.0|356000.0|-23396000.0|-23396000.0|9077000.0|-6.5|-6.5|-6.5|3625904.0|3625904.0|0.0|39938000.0|39787000.0|-17315000.0|-18589000.0|-15528000.0|-22150000.0|7071000.0|0.0|0.0|7095000.0|290137000.0|63393000.0|226744000.0|23594000.0|23594000.0|34365000.0|11387000.0|0.0|301610000.0|60436000.0|241174000.0|263773000.0|263773000.0|20854000.0|-11473000.0|-11473000.0|-221044000.0|0.0|-3.16417644|1.04892779|-26.28867777|1.0|46646000.0|46646000.0|21349000.0|5.88791099|458493000.0|278750000.0|76.8773801|2957000.0
2013-03-31|81092000.0|81092000.0|8515000.0|72577000.0|0.0|20805000.0|2304000.0|2304000.0|28314000.0|-26010000.0|-4944000.0|-21066000.0|356000.0|-21422000.0|-21422000.0|861000.0|-4.5|-4.5|-4.5|4751717.0|4751717.0|0.0|29369000.0|39228000.0|-4250000.0|-9600000.0|-29514000.0|-39393000.0|11000000.0|0.0|0.0|-4395000.0|281459000.0|58965000.0|222494000.0|20199000.0|20199000.0|38502000.0|21341000.0|0.0|298773000.0|77700000.0|221073000.0|242427000.0|242427000.0|39777000.0|-17314000.0|-17314000.0|-242466000.0|0.0|-3.64373552|0.75888031|-17.25615109|1.0|41532000.0|41532000.0|19769000.0|4.16039087|404646000.0|260118000.0|54.74189646|-18735000.0
2014-03-31|104328000.0|104328000.0|28920000.0|75408000.0|0.0|26333000.0|-6109000.0|-6109000.0|19755000.0|-25864000.0|0.0|-25864000.0|356000.0|-26220000.0|-26220000.0|11904000.0|-4.6|-4.6|-4.6|5708432.0|5708432.0|0.0|39594000.0|41957000.0|-52009000.0|-3509000.0|49182000.0|692000.0|50584000.0|0.0|0.0|36767000.0|357249000.0|135725000.0|221524000.0|56966000.0|56966000.0|63615000.0|63133000.0|3164000.0|347022000.0|140727000.0|206295000.0|247434000.0|247434000.0|83855000.0|10227000.0|10227000.0|-268686000.0|-69000.0|1.79156027|0.964456|33.93194485|1.0|35848000.0|35848000.0|36085000.0|6.32135059|343857000.0|294116000.0|51.52308024|-5002000.0
2015-03-31|105484000.0|105484000.0|30109000.0|75375000.0|0.0|31120000.0|-11409000.0|-11409000.0|19899000.0|-31308000.0|0.0|-31308000.0|356000.0|-31664000.0|-31664000.0|3193000.0|-4.12|-4.12|-4.12|7678535.0|7678535.0|0.0|9211000.0|43383000.0|514000.0|-2436000.0|-40941000.0|-41537000.0|0.0|0.0|0.0|-31216000.0|273017000.0|106943000.0|166074000.0|25750000.0|25750000.0|64656000.0|58485000.0|3210000.0|292154000.0|137814000.0|154340000.0|202149000.0|202149000.0|77147000.0|-18959000.0|-18959000.0|-300350000.0|-57000.0|-2.46909078|0.77599518|-15.409779|1.0|31974000.0|31974000.0|6775000.0|0.88232977|253117000.0|214532000.0|27.93918371|-30871000.0
2016-03-31|104449000.0|104449000.0|31341000.0|73108000.0|0.0|33367000.0|-20755000.0|-20755000.0|20642000.0|-41397000.0|345000.0|-41742000.0|356000.0|-42098000.0|-42098000.0|0.0|-6.51|-6.51|-6.51|6467978.0|6467978.0|0.0|25504000.0|43196000.0|-1389000.0|-1389000.0|-17633000.0|-2460000.0|-14107000.0|0.0|0.0|6482000.0|209398000.0|101845000.0|107553000.0|34464000.0|34464000.0|58468000.0|34641000.0|2024000.0|282425000.0|100833000.0|181592000.0|203475000.0|203475000.0|68517000.0|-71842000.0|-71842000.0|-342448000.0|-64000.0|-11.10733524|1.0100364|-3.93119624|1.0|22441000.0|22441000.0|24115000.0|3.72836766|242935000.0|174757000.0|27.01879938|1012000.0
