Date|REVENUE|REVENUEUSD|COR|GP|RND|SGNA|EBIT|EBITUSD|INTEXP|EBT|TAXEXP|NETINC|PREFDIVIS|NETINCCMN|NETINCCMNUSD|NETINCDIS|EPS|EPSUSD|EPSDIL|SHARESWA|SHARESWADIL|DPS|NCFO|DEPAMOR|NCFI|CAPEX|NCFF|NCFDEBT|NCFCOMMON|NCFDIV|NCFX|NCF|ASSETS|ASSETSC|ASSETSNC|CASHNEQ|CASHNEQUSD|RECEIVABLES|INTANGIBLES|INVENTORY|LIABILITIES|LIABILITIESC|LIABILITIESNC|DEBT|DEBTUSD|PAYABLES|EQUITY|EQUITYUSD|RETEARN|ACCOCI|BVPS|CURRENTRATIO|DE|DILUTIONRATIO|EBITDA|EBITDAUSD|FCF|FCFPS|INVCAP|TANGIBLES|TBVPS|WORKINGCAPITAL
2009-04-30|247662000.0|247662000.0|159065000.0|88597000.0|21798000.0|34246000.0|33797000.0|33797000.0|0.0|33797000.0|9552000.0|24245000.0|0.0|24245000.0|24245000.0|0.0|1.15|1.15|1.11|21023590.0|21775727.0|0.0|39770000.0|5355000.0|-29480000.0|-13282000.0|1147000.0|0.0|1049000.0|0.0|0.0|11437000.0|253181000.0|221374000.0|31807000.0|116501000.0|116501000.0|62621000.0|0.0|11602000.0|45754000.0|38637000.0|7117000.0|0.0|0.0|23990000.0|207427000.0|207427000.0|97860000.0|-537000.0|9.86639294|5.72958563|0.22057881|1.03577586|39152000.0|39152000.0|26488000.0|1.25991803|98043000.0|253181000.0|12.04271012|182737000.0
2010-04-30|249518000.0|249518000.0|152692000.0|96826000.0|24510000.0|42429000.0|30082000.0|30082000.0|0.0|30082000.0|9366000.0|20716000.0|0.0|20716000.0|20716000.0|0.0|0.97|0.97|0.94|21391795.0|21977364.0|0.0|35984000.0|8982000.0|-124764000.0|-10792000.0|944000.0|0.0|836000.0|0.0|0.0|-87836000.0|281971000.0|245595000.0|36376000.0|28665000.0|28665000.0|57355000.0|0.0|20928000.0|48551000.0|44113000.0|4438000.0|0.0|0.0|20205000.0|233420000.0|233420000.0|118576000.0|-760000.0|10.91166029|5.56740643|0.20799846|1.02737353|39064000.0|39064000.0|25192000.0|1.17764779|209193000.0|281971000.0|13.1812688|201482000.0
2011-04-30|292503000.0|292503000.0|175352000.0|117151000.0|35769000.0|47431000.0|34228000.0|34228000.0|0.0|34228000.0|8319000.0|25909000.0|0.0|25909000.0|25909000.0|0.0|1.2|1.2|1.17|21591333.0|22081266.0|0.0|33486000.0|10599000.0|-933000.0|-10064000.0|823000.0|0.0|619000.0|0.0|0.0|33376000.0|331747000.0|302509000.0|29238000.0|62041000.0|62041000.0|66342000.0|0.0|38137000.0|68279000.0|62104000.0|6175000.0|0.0|0.0|31134000.0|263468000.0|263468000.0|144485000.0|-784000.0|12.20248884|4.8710067|0.25915481|1.02269119|44827000.0|44827000.0|23422000.0|1.08478712|207602000.0|331747000.0|15.36482254|240405000.0
2012-04-30|325008000.0|325008000.0|195675000.0|129333000.0|30977000.0|55280000.0|43538000.0|43538000.0|0.0|43538000.0|13087000.0|30451000.0|0.0|30451000.0|30451000.0|0.0|1.4|1.4|1.36|21783496.0|22315474.0|0.0|18754000.0|8973000.0|-17329000.0|-14979000.0|754000.0|0.0|565000.0|0.0|0.0|2179000.0|369151000.0|280278000.0|88873000.0|64220000.0|64220000.0|83451000.0|0.0|43539000.0|69953000.0|63099000.0|6854000.0|0.0|0.0|20213000.0|299198000.0|299198000.0|174936000.0|-694000.0|13.73507723|4.44187705|0.2338017|1.02442115|52511000.0|52511000.0|3775000.0|0.17329633|241832000.0|369151000.0|16.94636159|217179000.0
2013-04-30|240152000.0|240152000.0|147616000.0|92536000.0|37214000.0|51520000.0|10773000.0|10773000.0|0.0|10773000.0|347000.0|10426000.0|0.0|10426000.0|10426000.0|0.0|0.47|0.47|0.47|22069842.0|22390420.0|0.0|29244000.0|10937000.0|-18344000.0|-11834000.0|212000.0|0.0|289000.0|0.0|0.0|11112000.0|361604000.0|263454000.0|98150000.0|75332000.0|75332000.0|31074000.0|0.0|62561000.0|46418000.0|42187000.0|4231000.0|0.0|0.0|16144000.0|315186000.0|315186000.0|185362000.0|-705000.0|14.28129843|6.24490957|0.14727177|1.01452561|21710000.0|21710000.0|17410000.0|0.78885929|244085000.0|361604000.0|16.38453053|221267000.0
2014-04-30|251703000.0|251703000.0|158090000.0|93613000.0|25515000.0|55679000.0|14896000.0|14896000.0|0.0|14896000.0|1178000.0|13718000.0|0.0|13718000.0|13718000.0|0.0|0.61|0.61|0.6|22354444.0|22719218.0|0.0|34005000.0|9155000.0|10438000.0|-7143000.0|7194000.0|0.0|6709000.0|0.0|0.0|51637000.0|384954000.0|306857000.0|78097000.0|126969000.0|126969000.0|42668000.0|0.0|50699000.0|42487000.0|37735000.0|4752000.0|0.0|0.0|13906000.0|342467000.0|342467000.0|199080000.0|-263000.0|15.31986213|8.13189347|0.12406159|1.01631774|24051000.0|24051000.0|26862000.0|1.20164026|220250000.0|384954000.0|17.22046856|269122000.0
2015-04-30|259398000.0|259398000.0|155130000.0|104268000.0|46491000.0|55763000.0|1893000.0|1893000.0|0.0|1893000.0|-1002000.0|2895000.0|0.0|2895000.0|2895000.0|0.0|0.13|0.13|0.13|22868733.0|23145997.0|0.0|39413000.0|8366000.0|-23820000.0|-5279000.0|848000.0|0.0|722000.0|0.0|0.0|16441000.0|397467000.0|329032000.0|68435000.0|143410000.0|143410000.0|50963000.0|0.0|39414000.0|48555000.0|46735000.0|1820000.0|0.0|0.0|19243000.0|348912000.0|348912000.0|201975000.0|-1358000.0|15.25716357|7.04037659|0.13916116|1.01212415|10259000.0|10259000.0|34134000.0|1.49260565|207322000.0|397467000.0|17.38036821|282297000.0
2016-04-30|264098000.0|264098000.0|151995000.0|112103000.0|42291000.0|60077000.0|8068000.0|8068000.0|0.0|8068000.0|-898000.0|8966000.0|0.0|8966000.0|8966000.0|0.0|0.39|0.39|0.39|22936413.0|23153493.0|0.0|551000.0|6074000.0|-16578000.0|-6749000.0|-3096000.0|-472000.0|-2634000.0|0.0|0.0|-19123000.0|410658000.0|344271000.0|66387000.0|124287000.0|124287000.0|74944000.0|0.0|37486000.0|49133000.0|46345000.0|2788000.0|449000.0|449000.0|17712000.0|361525000.0|361525000.0|207450000.0|-201000.0|15.76205486|7.42843888|0.13590485|1.00946443|14142000.0|14142000.0|-6198000.0|-0.27022534|240475000.0|410658000.0|17.90419452|297926000.0
