Date|REVENUE|REVENUEUSD|COR|GP|RND|SGNA|EBIT|EBITUSD|INTEXP|EBT|TAXEXP|NETINC|PREFDIVIS|NETINCCMN|NETINCCMNUSD|NETINCDIS|EPS|EPSUSD|EPSDIL|SHARESWA|SHARESWADIL|DPS|NCFO|DEPAMOR|NCFI|CAPEX|NCFF|NCFDEBT|NCFCOMMON|NCFDIV|NCFX|NCF|ASSETS|ASSETSC|ASSETSNC|CASHNEQ|CASHNEQUSD|RECEIVABLES|INTANGIBLES|INVENTORY|LIABILITIES|LIABILITIESC|LIABILITIESNC|DEBT|DEBTUSD|PAYABLES|EQUITY|EQUITYUSD|RETEARN|ACCOCI|BVPS|CURRENTRATIO|DE|DILUTIONRATIO|EBITDA|EBITDAUSD|FCF|FCFPS|INVCAP|TANGIBLES|TBVPS|WORKINGCAPITAL
2009-04-30|69241000.0|69241000.0|5868000.0|63373000.0|0.0|39150000.0|35848000.0|35848000.0|0.0|35848000.0|12895000.0|22953000.0|0.0|22953000.0|22953000.0|0.0|2.3|2.3|2.3|9981600.0|9981600.0|1.5|14372000.0|1140000.0|34581000.0|-1186000.0|-14972000.0|0.0|0.0|-14972000.0|0.0|33981000.0|117555000.0|111870000.0|5685000.0|42936000.0|42936000.0|3665000.0|1211000.0|0.0|36686000.0|31431000.0|5255000.0|0.0|0.0|5859000.0|80869000.0|80869000.0|78935000.0|297000.0|8.10180733|3.55922497|0.45364726|1.0|36988000.0|36988000.0|13186000.0|1.3210307|41977000.0|116344000.0|11.65584676|80439000.0
2010-04-30|58140000.0|58140000.0|5244000.0|52896000.0|0.0|36980000.0|-31353000.0|-31353000.0|0.0|-31353000.0|-8165000.0|-23188000.0|0.0|-23188000.0|-23188000.0|0.0|-2.32|-2.32|-2.32|9981600.0|9981600.0|3.6|-8658000.0|726000.0|21085000.0|-817000.0|-38928000.0|0.0|0.0|-38928000.0|0.0|-26501000.0|59985000.0|54936000.0|5049000.0|16435000.0|16435000.0|3201000.0|792000.0|0.0|38537000.0|33674000.0|4863000.0|0.0|0.0|4982000.0|21448000.0|21448000.0|19813000.0|-2000.0|2.14875371|1.63140702|1.79676427|1.0|-30627000.0|-30627000.0|-9475000.0|-0.94924661|9084000.0|59193000.0|5.93021159|21262000.0
2011-04-30|48667000.0|48667000.0|4718000.0|43949000.0|0.0|33419000.0|61463000.0|61463000.0|0.0|61463000.0|23681000.0|37782000.0|0.0|37782000.0|37782000.0|0.0|3.79|3.79|3.79|9980000.0|9980000.0|2.6|10660000.0|593000.0|3753000.0|-1907000.0|-24046000.0|0.0|-90000.0|-23956000.0|0.0|-9633000.0|87803000.0|25222000.0|62581000.0|6802000.0|6802000.0|1637000.0|2130000.0|0.0|54549000.0|31416000.0|23133000.0|0.0|0.0|6261000.0|33254000.0|33254000.0|31644000.0|63000.0|3.33206413|0.80283932|1.64037409|1.0|62056000.0|62056000.0|8753000.0|0.87705411|47455000.0|85673000.0|8.58446894|-6194000.0
2012-04-30|36609000.0|36609000.0|4894000.0|31715000.0|0.0|26377000.0|11298000.0|11298000.0|0.0|11298000.0|4373000.0|6925000.0|0.0|6925000.0|6925000.0|0.0|0.7|0.7|0.7|9921925.0|9921925.0|0.7|2376000.0|724000.0|11262000.0|-3431000.0|-8398000.0|0.0|-946000.0|-7452000.0|0.0|5240000.0|84369000.0|19117000.0|65252000.0|12042000.0|12042000.0|902000.0|5067000.0|0.0|52055000.0|27184000.0|24871000.0|0.0|0.0|4432000.0|32314000.0|32314000.0|31628000.0|85000.0|3.25682768|0.70324456|1.61091168|1.0|12022000.0|12022000.0|-1055000.0|-0.10633017|40076000.0|79302000.0|7.99260224|-8067000.0
2013-04-30|35840000.0|35840000.0|5694000.0|30146000.0|0.0|26026000.0|10506000.0|10506000.0|0.0|10506000.0|3887000.0|6619000.0|0.0|6619000.0|6619000.0|0.0|0.67|0.67|0.67|9888774.0|9888774.0|0.6|1168000.0|1552000.0|-253000.0|-2788000.0|-6117000.0|0.0|-182000.0|-5935000.0|0.0|-5202000.0|84341000.0|16673000.0|67668000.0|6840000.0|6840000.0|1278000.0|6227000.0|0.0|51356000.0|27394000.0|23962000.0|0.0|0.0|3941000.0|32985000.0|32985000.0|32315000.0|251000.0|3.33560055|0.60863693|1.55695013|1.0|12058000.0|12058000.0|-1620000.0|-0.16382213|43880000.0|78114000.0|7.89926031|-10721000.0
2014-04-30|36331000.0|36331000.0|6402000.0|29929000.0|0.0|27428000.0|10178000.0|10178000.0|0.0|10178000.0|3410000.0|6768000.0|0.0|6768000.0|6768000.0|0.0|0.69|0.69|0.69|9839155.0|9839155.0|0.6|3487000.0|2085000.0|1920000.0|-2687000.0|-6459000.0|0.0|-550000.0|-5909000.0|0.0|-1052000.0|86875000.0|18266000.0|68609000.0|5788000.0|5788000.0|1206000.0|6896000.0|0.0|53577000.0|27056000.0|26521000.0|0.0|0.0|3901000.0|33298000.0|33298000.0|33183000.0|246000.0|3.38423371|0.67511827|1.60901556|1.0|12263000.0|12263000.0|800000.0|0.0813078|47135000.0|79979000.0|8.12864519|-8790000.0
2015-04-30|35523000.0|35523000.0|7081000.0|28442000.0|0.0|26043000.0|10495000.0|10495000.0|0.0|10495000.0|3203000.0|7292000.0|0.0|7292000.0|7292000.0|0.0|0.74|0.74|0.74|9813623.0|9813623.0|0.6|1407000.0|2715000.0|4689000.0|-2544000.0|-6010000.0|0.0|-122000.0|-5888000.0|0.0|86000.0|87421000.0|18845000.0|68576000.0|5874000.0|5874000.0|1409000.0|6838000.0|0.0|52982000.0|26214000.0|26768000.0|0.0|0.0|3259000.0|34439000.0|34439000.0|34587000.0|105000.0|3.50930538|0.71889067|1.53843027|1.0|13210000.0|13210000.0|-1137000.0|-0.11585935|48495000.0|80583000.0|8.2113405|-7369000.0
2016-04-30|34546000.0|34546000.0|8725000.0|25821000.0|0.0|23941000.0|10008000.0|10008000.0|0.0|10008000.0|2717000.0|7291000.0|0.0|7291000.0|7291000.0|0.0|0.75|0.75|0.75|9781495.0|9781495.0|0.65|2004000.0|3817000.0|12207000.0|-1962000.0|-6963000.0|0.0|-796000.0|-6167000.0|0.0|7248000.0|86507000.0|19952000.0|66555000.0|13122000.0|13122000.0|1254000.0|4992000.0|0.0|51907000.0|26298000.0|25609000.0|0.0|0.0|4328000.0|34600000.0|34600000.0|35524000.0|125000.0|3.53729159|0.75868887|1.50020231|1.0|13825000.0|13825000.0|42000.0|0.00429382|42095000.0|81515000.0|8.33359318|-6346000.0
