Date|REVENUE|REVENUEUSD|COR|GP|RND|SGNA|EBIT|EBITUSD|INTEXP|EBT|TAXEXP|NETINC|PREFDIVIS|NETINCCMN|NETINCCMNUSD|NETINCDIS|EPS|EPSUSD|EPSDIL|SHARESWA|SHARESWADIL|DPS|NCFO|DEPAMOR|NCFI|CAPEX|NCFF|NCFDEBT|NCFCOMMON|NCFDIV|NCFX|NCF|ASSETS|ASSETSC|ASSETSNC|CASHNEQ|CASHNEQUSD|RECEIVABLES|INTANGIBLES|INVENTORY|LIABILITIES|LIABILITIESC|LIABILITIESNC|DEBT|DEBTUSD|PAYABLES|EQUITY|EQUITYUSD|RETEARN|ACCOCI|BVPS|CURRENTRATIO|DE|DILUTIONRATIO|EBITDA|EBITDAUSD|FCF|FCFPS|INVCAP|TANGIBLES|TBVPS|WORKINGCAPITAL
2009-08-31|1251628000.0|1251628000.0|1162996000.0|88632000.0|0.0|30882000.0|57088000.0|57088000.0|1700000.0|55388000.0|13069000.0|42319000.0|0.0|42319000.0|42319000.0|0.0|1.43|1.43|1.43|28959000.0|29057000.0|0.66|55358000.0|13898000.0|-54751000.0|-49166000.0|-4104000.0|16193000.0|-730000.0|-19551000.0|-431000.0|-3928000.0|487373000.0|184782000.0|302591000.0|44203000.0|44203000.0|2187000.0|37538000.0|115841000.0|186205000.0|141928000.0|44277000.0|44013000.0|44013000.0|101412000.0|300398000.0|300398000.0|-49998000.0|-17230000.0|10.37321731|1.30194183|0.61986098|1.00338409|70986000.0|70986000.0|6192000.0|0.21381954|307717000.0|449835000.0|15.5335129|42854000.0
2010-08-31|1395891000.0|1395891000.0|1288071000.0|107820000.0|0.0|33319000.0|74825000.0|74825000.0|2723000.0|72102000.0|22787000.0|49315000.0|0.0|49315000.0|49315000.0|0.0|1.66|1.66|1.65|29254000.0|29279000.0|0.5|83029000.0|15260000.0|-54158000.0|-49925000.0|-1135000.0|19982000.0|-561000.0|-14499000.0|1417000.0|29153000.0|572565000.0|234841000.0|337724000.0|74586000.0|74586000.0|2855000.0|37471000.0|131190000.0|236522000.0|175483000.0|61039000.0|64271000.0|64271000.0|124401000.0|336043000.0|336043000.0|-15578000.0|-16672000.0|11.48707869|1.33825499|0.70384445|1.00085458|90085000.0|90085000.0|33104000.0|1.13160593|349296000.0|535094000.0|18.29131059|59358000.0
2011-08-31|1710021000.0|1710021000.0|1583621000.0|126400000.0|0.0|36436000.0|93134000.0|93134000.0|3916000.0|89218000.0|27468000.0|61750000.0|0.0|61750000.0|61750000.0|86000.0|2.07|2.07|2.07|29441000.0|29457000.0|0.6|75599000.0|21154000.0|-39445000.0|-39445000.0|-30640000.0|6029000.0|-2567000.0|-17934000.0|-2043000.0|3471000.0|664328000.0|292777000.0|371551000.0|78057000.0|78057000.0|3655000.0|37361000.0|177232000.0|288490000.0|217343000.0|71147000.0|70481000.0|70481000.0|163432000.0|375838000.0|375838000.0|28238000.0|0.0|12.76580279|1.34707352|0.76759136|1.00054346|114288000.0|114288000.0|36154000.0|1.22801535|402048000.0|626967000.0|21.29571006|75434000.0
2012-08-31|2045163000.0|2045163000.0|1895599000.0|149564000.0|0.0|41021000.0|107957000.0|107957000.0|5283000.0|102674000.0|35053000.0|67621000.0|0.0|67621000.0|67621000.0|25000.0|2.24|2.24|2.24|29554000.0|29566000.0|0.6|89889000.0|23739000.0|-52567000.0|-52567000.0|-25082000.0|8665000.0|-3065000.0|-18120000.0|2191000.0|14431000.0|735712000.0|321579000.0|414133000.0|92489000.0|92489000.0|3361000.0|36886000.0|201043000.0|316798000.0|234741000.0|82057000.0|78659000.0|78659000.0|173198000.0|418914000.0|418914000.0|77739000.0|0.0|14.17452798|1.36993112|0.75623636|1.00040604|131696000.0|131696000.0|37322000.0|1.2628409|450255000.0|698826000.0|23.64573323|86838000.0
2013-08-31|2299812000.0|2299812000.0|2123568000.0|176244000.0|0.0|46784000.0|127423000.0|127423000.0|4216000.0|123207000.0|38942000.0|84265000.0|0.0|84265000.0|84265000.0|0.0|2.78|2.78|2.78|29647000.0|29657000.0|0.6|130633000.0|24444000.0|-71812000.0|-69663000.0|-21806000.0|-3667000.0|-3342000.0|-18133000.0|-6389000.0|30626000.0|826039000.0|375581000.0|450458000.0|127858000.0|127858000.0|3130000.0|36364000.0|217413000.0|344990000.0|274878000.0|70112000.0|73020000.0|73020000.0|199425000.0|481049000.0|481049000.0|143871000.0|-41475000.0|16.22589132|1.36635526|0.71716187|1.0003373|151867000.0|151867000.0|60970000.0|2.05653186|459959000.0|789675000.0|26.63591594|100703000.0
2014-08-31|2517567000.0|2517567000.0|2326140000.0|191427000.0|0.0|49944000.0|138553000.0|138553000.0|4295000.0|134258000.0|41372000.0|92886000.0|0.0|92886000.0|92886000.0|0.0|3.07|3.07|3.07|29747000.0|29757000.0|0.7|137275000.0|28475000.0|-119559000.0|-117959000.0|1872000.0|18182000.0|-4655000.0|-21144000.0|-4364000.0|15224000.0|938070000.0|397181000.0|540889000.0|139451000.0|139451000.0|7910000.0|36108000.0|226383000.0|389805000.0|298858000.0|90947000.0|91439000.0|91439000.0|223559000.0|548265000.0|548265000.0|215613000.0|-49286000.0|18.43093421|1.32899571|0.71097918|1.00033617|167028000.0|167028000.0|19316000.0|0.64934279|555092000.0|901962000.0|30.32110801|98323000.0
2015-08-31|2802603000.0|2802603000.0|2594124000.0|208479000.0|0.0|56371000.0|143130000.0|143130000.0|6440000.0|136690000.0|47566000.0|89124000.0|0.0|89124000.0|89124000.0|0.0|2.95|2.95|2.95|29848000.0|29855000.0|0.7|110503000.0|34445000.0|-89082000.0|-88817000.0|9965000.0|7593000.0|-4628000.0|-21126000.0|-11412000.0|19974000.0|991224000.0|456505000.0|534719000.0|157133000.0|157133000.0|9662000.0|35871000.0|267175000.0|424640000.0|337067000.0|87573000.0|97140000.0|97140000.0|241978000.0|566584000.0|566584000.0|283611000.0|-101512000.0|18.98231037|1.35434498|0.74947404|1.00023452|177575000.0|177575000.0|21686000.0|0.72654784|558293000.0|955353000.0|32.00727017|119438000.0
2016-08-31|2905176000.0|2905176000.0|2701756000.0|203420000.0|0.0|64344000.0|137463000.0|137463000.0|5891000.0|131572000.0|42849000.0|88723000.0|0.0|88723000.0|88723000.0|0.0|2.92|2.92|2.92|29928000.0|29933000.0|0.7|139862000.0|39794000.0|-78175000.0|-77614000.0|-16460000.0|7458000.0|-3254000.0|-21274000.0|-2777000.0|42450000.0|1096735000.0|512554000.0|584181000.0|200040000.0|200040000.0|7464000.0|35637000.0|282907000.0|458664000.0|367904000.0|90760000.0|104641000.0|104641000.0|267173000.0|638071000.0|638071000.0|351060000.0|-103951000.0|21.32020182|1.39317322|0.7188291|1.00016707|177257000.0|177257000.0|62248000.0|2.07992515|597795000.0|1061098000.0|35.45502539|144650000.0
